OrderTime,InstrumentID,Price,Volume,ApplSeqNum,OrderBSFlag,ADFlag
09:30:00.080,600985,11.11,1300,240428,B,A
09:30:00.240,600985,11.05,1000,240939,B,A
09:30:00.280,600985,11.58,200,241061,S,A
09:30:00.280,600985,11.27,4000,241388,S,A
09:30:00.320,600985,11.65,2100,242042,S,A
09:30:00.360,600985,11.24,2000,213318,S,D
09:30:00.360,600985,10.56,1000,242948,B,A
09:30:00.430,600985,11.1,500,243097,B,A
09:30:00.430,600985,11.38,2600,243369,S,A
09:30:00.430,600985,11.14,1100,243853,B,A
09:30:00.430,600985,11.14,100,244396,B,A
09:30:00.550,600985,11.09,11900,244877,B,A
09:30:00.550,600985,11.16,8000,245387,S,A
09:30:00.550,600985,11.14,4300,245388,S,A
09:30:00.550,600985,11.14,500,245878,S,A
09:30:00.670,600985,11.0,300,246506,B,A
09:30:00.670,600985,11.15,1100,247023,B,A
09:30:00.670,600985,12.24,16300,247110,S,A
09:30:00.670,600985,11.68,200,247677,S,A
09:30:00.680,600985,11.15,1000,248085,B,A
09:30:00.800,600985,11.25,5000,248515,S,A
09:30:00.800,600985,11.21,600,248670,S,A
09:30:00.800,600985,11.21,600,248670,S,D
09:30:00.800,600985,11.11,2100,248708,B,A
09:30:00.800,600985,10.1,500,249247,B,A
09:30:00.800,600985,11.65,10000,249788,S,A
09:30:00.800,600985,11.84,20000,249792,S,A
09:30:00.920,600985,11.99,20000,250261,S,A
09:30:00.920,600985,11.06,500,250833,B,A
09:30:01.040,600985,11.17,2300,251824,S,A
09:30:01.040,600985,11.25,600,252039,S,A
09:30:01.040,600985,12.1,300,252191,S,A
09:30:01.040,600985,11.13,6200,172255,B,D
09:30:01.040,600985,11.22,300,253116,S,A
09:30:01.160,600985,11.0,2000,253413,B,A
09:30:01.160,600985,11.1,2000,254062,B,A
09:30:01.270,600985,11.14,500,255386,S,A
09:30:01.270,600985,11.14,4500,255468,B,A
09:30:01.270,600985,11.49,2000,256032,S,A
09:30:01.270,600985,11.68,500,256329,S,A
09:30:01.270,600985,11.29,200,256657,S,A
09:30:01.390,600985,11.25,5000,257664,S,A
09:30:01.390,600985,11.35,5800,257778,S,A
09:30:01.390,600985,11.1,1000,258081,B,A
09:30:01.390,600985,11.11,500,258309,B,A
09:30:01.390,600985,11.22,1800,258360,S,A
09:30:01.390,600985,11.08,500,258384,B,A
09:30:01.390,600985,11.05,500,258386,B,A
09:30:01.500,600985,11.15,200,258651,B,A
09:30:01.500,600985,10.98,1000,259387,B,A
09:30:01.500,600985,11.17,3800,259419,S,A
09:30:01.500,600985,11.13,1000,260317,B,A
09:30:01.640,600985,11.45,500,260539,S,A
09:30:01.640,600985,10.9,6000,260760,B,A
09:30:01.640,600985,11.1,1000,261037,B,A
09:30:01.640,600985,11.23,1200,261353,S,A
09:30:01.640,600985,11.14,500,261701,B,A
09:30:01.760,600985,11.38,3700,263051,S,A
09:30:01.760,600985,11.97,2200,263138,S,A
09:30:01.760,600985,11.14,700,263159,S,A
09:30:01.760,600985,11.16,6000,263621,S,A
09:30:01.880,600985,11.32,2500,78376,S,D
09:30:01.880,600985,11.08,2000,264311,B,A
09:30:01.880,600985,10.95,800,264413,B,A
09:30:01.880,600985,11.25,1000,39077,S,D
09:30:01.880,600985,11.93,500,264701,S,A
09:30:01.990,600985,11.11,1100,265800,B,A
09:30:01.990,600985,11.39,1000,265804,S,A
09:30:01.990,600985,11.49,1000,265808,S,A
09:30:01.990,600985,11.01,7000,265913,B,A
09:30:01.990,600985,11.56,1000,266031,S,A
09:30:02.000,600985,11.0,20000,266357,B,A
09:30:02.000,600985,11.0,16900,266359,B,A
09:30:02.000,600985,12.2,2100,266524,S,A
09:30:02.000,600985,11.12,10000,266803,B,A
09:30:02.000,600985,11.13,5000,266936,B,A
09:30:02.000,600985,12.0,200,267131,S,A
09:30:02.000,600985,11.1,2600,267140,B,A
09:30:02.120,600985,10.95,800,267568,B,A
09:30:02.120,600985,11.34,600,267908,S,A
09:30:02.120,600985,11.1,400,267971,B,A
09:30:02.120,600985,12.08,300,268048,S,A
09:30:02.120,600985,11.95,4500,269176,S,A
09:30:02.230,600985,11.12,1000,269833,B,A
09:30:02.230,600985,11.27,500,270127,S,A
09:30:02.230,600985,11.93,500,264701,S,D
09:30:02.230,600985,11.0,8700,270294,B,A
09:30:02.230,600985,11.61,900,270438,S,A
09:30:02.230,600985,11.18,5000,270796,S,A
09:30:02.230,600985,11.16,600,270909,S,A
09:30:02.230,600985,11.25,2600,270922,S,A
09:30:02.360,600985,11.01,5000,271781,B,A
09:30:02.480,600985,11.03,300,273643,B,A
09:30:02.480,600985,11.07,5000,274359,B,A
09:30:02.620,600985,11.1,1000,274490,B,A
09:30:02.620,600985,11.36,1100,274596,S,A
09:30:02.620,600985,10.96,1000,274606,B,A
09:30:02.620,600985,12.24,16000,274775,S,A
09:30:02.620,600985,11.11,300,274924,B,A
09:30:02.620,600985,11.14,1300,275121,S,A
09:30:02.620,600985,11.0,5000,275523,B,A
09:30:02.620,600985,12.0,6000,275569,S,A
09:30:02.620,600985,11.68,3000,275782,S,A
09:30:02.620,600985,11.11,2000,275864,B,A
09:30:02.620,600985,11.1,400,275880,B,A
09:30:02.620,600985,11.13,3500,275941,B,A
09:30:02.620,600985,10.95,1900,276198,B,A
09:30:02.740,600985,11.14,3800,276354,S,A
09:30:02.740,600985,11.14,5700,276355,S,A
09:30:02.740,600985,12.24,1000,276366,S,A
09:30:02.740,600985,12.0,2000,276367,S,A
09:30:02.740,600985,11.45,1000,276618,S,A
09:30:02.740,600985,11.4,1000,276620,S,A
09:30:02.740,600985,11.35,1000,276622,S,A
09:30:02.740,600985,11.5,1000,276624,S,A
09:30:02.740,600985,11.3,1000,276626,S,A
09:30:02.740,600985,11.88,3000,276634,S,A
09:30:02.740,600985,11.4,2000,276837,S,A
09:30:02.740,600985,11.45,2000,276840,S,A
09:30:02.740,600985,11.5,2000,276844,S,A
09:30:02.740,600985,11.35,2000,276847,S,A
09:30:02.740,600985,11.2,10000,277760,S,A
09:30:02.740,600985,10.95,5000,277967,B,A
09:30:02.740,600985,10.9,5000,277971,B,A
09:30:02.870,600985,12.23,100,278059,S,A
09:30:02.920,600985,10.8,100,278580,B,A
09:30:02.960,600985,11.45,500,260539,S,D
09:30:02.960,600985,11.63,500,279219,S,A
09:30:03.080,600985,11.25,900,281216,S,A
09:30:03.080,600985,11.11,1000,282025,B,A
09:30:03.080,600985,11.0,1000,282099,B,A
09:30:03.210,600985,11.11,2000,282630,B,A
09:30:03.210,600985,11.14,100,283695,S,A
09:30:03.210,600985,11.01,300,283804,B,A
09:30:03.210,600985,11.06,400,283858,B,A
09:30:03.210,600985,11.14,1000,283952,S,A
09:30:03.210,600985,11.38,3000,283969,S,A
09:30:03.350,600985,11.3,2000,284491,S,A
09:30:03.350,600985,11.14,100,284542,S,A
09:30:03.350,600985,11.14,100,283695,S,D
09:30:03.350,600985,11.14,100,284552,S,A
09:30:03.350,600985,11.25,2000,284742,S,A
09:30:03.510,600985,11.14,1000,283952,S,D
09:30:03.510,600985,11.59,1000,286794,S,A
09:30:03.510,600985,11.54,300,286902,S,A
09:30:03.510,600985,11.14,300,287073,S,A
09:30:03.510,600985,11.14,1100,287346,S,A
09:30:03.510,600985,12.18,900,287504,S,A
09:30:03.640,600985,11.06,2000,288156,B,A
09:30:03.640,600985,11.17,5000,288424,S,A
09:30:03.640,600985,11.28,600,288448,S,A
09:30:03.640,600985,11.03,1000,288659,B,A
09:30:03.640,600985,12.0,200,288677,S,A
09:30:03.640,600985,10.82,100,289105,B,A
09:30:03.780,600985,11.14,5000,289910,S,A
09:30:03.780,600985,12.0,400,290013,S,A
09:30:03.900,600985,11.14,400,291791,S,A
09:30:03.900,600985,11.35,2000,291915,S,A
09:30:04.030,600985,11.07,900,293633,B,A
09:30:04.030,600985,11.1,2000,293957,B,A
09:30:04.030,600985,11.17,700,294114,S,A
09:30:04.030,600985,12.0,200,294291,S,A
09:30:04.160,600985,12.0,2600,294726,S,A
09:30:04.290,600985,11.14,1400,296609,S,A
09:30:04.290,600985,11.35,1300,296790,S,A
09:30:04.290,600985,11.14,800,296879,S,A
09:30:04.290,600985,11.46,800,297026,S,A
09:30:04.290,600985,11.03,500,297572,B,A
09:30:04.290,600985,11.77,67700,297637,S,A
09:30:04.290,600985,11.11,300,297889,B,A
09:30:04.410,600985,11.14,100,284542,S,D
09:30:04.410,600985,11.14,500,298558,S,A
09:30:04.410,600985,11.14,500,298558,S,D
09:30:04.550,600985,11.87,500,300133,S,A
09:30:04.550,600985,11.33,500,300214,S,A
09:30:04.550,600985,11.09,1000,300813,B,A
09:30:04.550,600985,11.17,800,301267,S,A
09:30:04.670,600985,12.0,500,303302,S,A
09:30:04.670,600985,11.01,2000,303331,B,A
09:30:04.800,600985,12.24,1000,303731,S,A
09:30:04.800,600985,11.17,20000,304028,S,A
09:30:04.800,600985,12.02,1000,304824,S,A
09:30:04.800,600985,11.24,10000,305079,S,A
09:30:04.800,600985,12.24,1500,305085,S,A
09:30:04.920,600985,10.91,200,305302,B,A
09:30:04.920,600985,12.2,4700,305358,S,A
09:30:04.920,600985,11.15,2100,306083,S,A
09:30:04.920,600985,11.06,500,306096,B,A
09:30:04.920,600985,11.02,2000,306550,B,A
09:30:04.920,600985,11.1,200,306924,B,A
09:30:05.050,600985,11.65,2300,307840,S,A
09:30:05.050,600985,11.1,200,308251,B,A
09:30:05.050,600985,11.13,100,308611,B,A
09:30:05.290,600985,11.17,700,294114,S,D
09:30:05.290,600985,11.6,500,311343,S,A
09:30:05.290,600985,11.14,1600,311493,S,A
09:30:05.290,600985,11.14,1600,311494,S,A
09:30:05.290,600985,11.01,500,311938,B,A
09:30:05.410,600985,11.14,300,312323,S,A
09:30:05.410,600985,11.1,5000,313234,B,A
09:30:05.410,600985,12.0,8000,313651,S,A
09:30:05.410,600985,11.25,100,313876,S,A
09:30:05.410,600985,11.33,100,313906,S,A
09:30:05.410,600985,11.17,10000,314008,S,A
09:30:05.620,600985,11.0,100,314656,B,A
09:30:05.620,600985,11.96,3000,314758,S,A
09:30:05.620,600985,11.05,400,314854,B,A
09:30:05.620,600985,11.14,200,315288,S,A
09:30:05.620,600985,10.96,500,315414,B,A
09:30:05.730,600985,11.75,2000,316463,S,A
09:30:05.730,600985,10.75,500,316711,B,A
09:30:05.730,600985,11.84,4300,316875,S,A
09:30:05.850,600985,11.11,300,317992,B,A
09:30:05.850,600985,11.9,2100,317997,S,A
09:30:05.850,600985,11.14,100,318493,S,A
09:30:05.850,600985,11.14,200,318753,S,A
09:30:05.850,600985,11.15,19700,319099,B,A
09:30:05.850,600985,12.08,20000,319148,S,A
09:30:06.030,600985,11.13,3600,319408,B,A
09:30:06.030,600985,11.21,2800,319881,S,A
09:30:06.070,600985,11.08,2500,320168,B,A
09:30:06.070,600985,11.15,1000,320747,B,A
09:30:06.070,600985,12.24,1700,136758,S,D
09:30:06.070,600985,11.15,2500,321548,B,A
09:30:06.190,600985,11.29,1100,322034,S,A
09:30:06.190,600985,11.8,100,322457,S,A
09:30:06.190,600985,11.14,500,322666,B,A
09:30:06.260,600985,12.24,10000,322867,S,A
09:30:06.260,600985,11.03,10000,324218,B,A
09:30:06.260,600985,11.97,1000,324297,S,A
09:30:06.260,600985,11.14,2000,324489,B,A
09:30:06.390,600985,11.37,1000,324545,S,A
09:30:06.390,600985,11.27,100,324695,S,A
09:30:06.390,600985,10.96,400,325357,B,A
09:30:06.390,600985,10.95,500,325902,B,A
09:30:06.390,600985,12.0,100,326008,S,A
09:30:06.390,600985,11.14,600,326218,B,A
09:30:06.390,600985,12.0,700,326223,S,A
09:30:06.500,600985,10.98,1000,326305,B,A
09:30:06.500,600985,11.05,1000,326684,B,A
09:30:06.500,600985,10.98,2500,327034,B,A
09:30:06.500,600985,11.1,1000,327635,B,A
09:30:06.500,600985,11.0,500,327788,B,A
09:30:06.500,600985,11.84,7600,327904,S,A
09:30:06.500,600985,11.12,1000,269833,B,D
09:30:06.500,600985,11.06,3000,327994,B,A
09:30:06.640,600985,11.17,2000,329251,S,A
09:30:06.640,600985,11.18,2000,329252,S,A
09:30:06.640,600985,11.77,5000,329662,S,A
09:30:06.760,600985,11.0,2500,330565,B,A
09:30:06.760,600985,11.19,2000,330618,S,A
09:30:06.760,600985,11.1,1000,330915,B,A
09:30:06.760,600985,11.88,1000,331325,S,A
09:30:06.880,600985,11.2,2000,331721,S,A
09:30:06.880,600985,11.21,2000,331722,S,A
09:30:06.880,600985,11.15,900,331768,B,A
09:30:06.880,600985,11.92,2000,332085,S,A
09:30:06.880,600985,11.37,4500,332638,S,A
09:30:06.880,600985,11.17,1500,333095,S,A
09:30:06.880,600985,11.26,500,333189,S,A
09:30:07.000,600985,11.14,100,334395,B,A
09:30:07.000,600985,11.21,20000,334447,S,A
09:30:07.000,600985,11.08,2000,334506,B,A
09:30:07.140,600985,11.14,200,335315,B,A
09:30:07.140,600985,11.14,100,335520,B,A
09:30:07.140,600985,11.08,1600,335745,B,A
09:30:07.140,600985,11.52,1000,335775,S,A
09:30:07.140,600985,11.38,600,336007,S,A
09:30:07.140,600985,11.18,100,336079,S,A
09:30:07.140,600985,11.3,1000,336281,S,A
09:30:07.140,600985,11.17,3000,336287,S,A
09:30:07.140,600985,11.12,300,336330,B,A
09:30:07.140,600985,11.17,1900,336826,S,A
09:30:07.270,600985,11.14,2000,337016,B,A
09:30:07.270,600985,11.65,2500,337051,S,A
09:30:07.270,600985,11.09,1000,337266,B,A
09:30:07.270,600985,10.96,7300,337342,B,A
09:30:07.270,600985,11.02,500,337848,B,A
09:30:07.270,600985,11.14,1500,338346,B,A
09:30:07.390,600985,11.01,500,339058,B,A
09:30:07.390,600985,11.15,2200,339805,B,A
09:30:07.390,600985,11.08,5500,339936,B,A
09:30:07.510,600985,10.85,1400,341766,B,A
09:30:07.650,600985,11.14,600,342859,B,A
09:30:07.770,600985,11.48,200,344155,S,A
09:30:07.770,600985,11.01,3000,345371,B,A
09:30:07.920,600985,11.36,3300,345713,S,A
09:30:07.920,600985,10.95,1000,345906,B,A
09:30:07.920,600985,11.38,1000,346999,S,A
09:30:08.040,600985,11.12,1000,347812,B,A
09:30:08.040,600985,11.02,1500,348306,B,A
09:30:08.040,600985,11.35,1000,348542,S,A
09:30:08.040,600985,11.88,10000,348705,S,A
09:30:08.040,600985,11.45,1000,348870,S,A
09:30:08.170,600985,11.14,2000,349035,B,A
09:30:08.270,600985,10.55,3500,350970,B,A
09:30:08.270,600985,11.0,100,351146,B,A
09:30:08.270,600985,11.1,1000,351282,B,A
09:30:08.410,600985,11.06,500,352415,B,A
09:30:08.410,600985,11.16,100,352822,B,A
09:30:08.410,600985,11.0,1500,352868,B,A
09:30:08.530,600985,11.21,4600,353287,S,A
09:30:08.530,600985,11.68,3400,353516,S,A
09:30:08.530,600985,10.5,1000,353520,B,A
09:30:08.530,600985,11.1,500,353920,B,A
09:30:08.530,600985,11.02,3000,353957,B,A
09:30:08.530,600985,11.01,1000,354005,B,A
09:30:08.620,600985,11.15,900,331768,B,D
09:30:08.620,600985,11.01,1000,355228,B,A
09:30:08.620,600985,11.15,100,355265,S,A
09:30:08.620,600985,11.15,500,355287,S,A
09:30:08.620,600985,11.15,900,355288,S,A
09:30:08.620,600985,11.17,1700,355318,S,A
09:30:08.620,600985,11.08,1000,355415,B,A
09:30:08.620,600985,11.88,3000,355526,S,A
09:30:08.820,600985,11.16,300,355870,S,A
09:30:08.820,600985,11.4,1500,355973,S,A
09:30:08.820,600985,11.16,100,356119,S,A
09:30:08.820,600985,11.15,700,356122,S,A
09:30:08.820,600985,11.15,500,356123,S,A
09:30:08.820,600985,11.15,300,356605,S,A
09:30:08.820,600985,11.15,500,356606,S,A
09:30:08.820,600985,11.28,500,357372,S,A
09:30:09.030,600985,11.17,400,357889,S,A
09:30:09.030,600985,11.07,8500,358447,B,A
09:30:09.030,600985,10.95,1000,358658,B,A
09:30:09.030,600985,10.6,3000,358921,B,A
09:30:09.030,600985,11.65,1000,358949,S,A
09:30:09.170,600985,11.03,200,360371,B,A
09:30:09.170,600985,11.27,500,270127,S,D
09:30:09.290,600985,10.88,1500,361440,B,A
09:30:09.290,600985,11.12,200,361605,B,A
09:30:09.290,600985,11.09,800,361932,B,A
09:30:09.290,600985,10.99,2000,362085,B,A
09:30:09.290,600985,11.11,1000,362344,B,A
09:30:09.290,600985,11.15,900,362398,S,A
09:30:09.430,600985,11.15,3000,362789,S,A
09:30:09.430,600985,11.4,2000,362966,S,A
09:30:09.550,600985,11.14,500,364537,B,A
09:30:09.550,600985,11.15,2200,364704,S,A
09:30:09.550,600985,11.15,1000,364743,S,A
09:30:09.550,600985,11.15,900,364744,S,A
09:30:09.550,600985,11.14,2000,365371,B,A
09:30:09.680,600985,11.15,100,366204,S,A
09:30:09.680,600985,11.15,100,366205,S,A
09:30:09.680,600985,11.35,400,366592,S,A
09:30:09.680,600985,11.15,1200,367250,S,A
09:30:09.680,600985,11.15,300,367251,S,A
09:30:09.680,600985,11.15,100,367252,S,A
09:30:09.680,600985,11.15,200,367288,S,A
09:30:09.680,600985,11.11,1000,367483,B,A
09:30:09.800,600985,11.15,1500,367813,S,A
09:30:09.800,600985,11.15,1200,367816,S,A
09:30:09.800,600985,11.15,400,367899,S,A
09:30:09.800,600985,11.15,200,368174,S,A
09:30:09.800,600985,11.15,200,368175,S,A
09:30:09.800,600985,11.15,700,368176,S,A
09:30:09.800,600985,11.01,3600,369078,B,A
09:30:09.920,600985,11.68,5000,369483,S,A
09:30:09.920,600985,11.14,3300,369734,B,A
09:30:09.920,600985,11.02,1000,370862,B,A
09:30:09.920,600985,11.15,1600,371091,S,A
09:30:10.170,600985,11.89,5000,374366,S,A
09:30:10.170,600985,11.23,600,374425,S,A
09:30:10.280,600985,11.21,3000,374648,S,A
09:30:10.280,600985,11.89,1000,67198,S,D
09:30:10.280,600985,11.15,700,374674,S,A
09:30:10.280,600985,11.13,4500,375084,B,A
09:30:10.280,600985,11.15,500,375500,S,A
09:30:10.280,600985,11.15,900,375501,S,A
09:30:10.280,600985,11.15,900,375733,S,A
09:30:10.280,600985,11.15,900,375734,S,A
09:30:10.280,600985,11.15,1200,375735,S,A
09:30:10.280,600985,11.15,1000,375736,S,A
09:30:10.280,600985,11.68,1300,67197,S,D
09:30:10.280,600985,11.15,500,375935,S,A
09:30:10.280,600985,11.15,100,375936,S,A
09:30:10.410,600985,11.15,800,376161,S,A
09:30:10.410,600985,11.15,600,376163,S,A
09:30:10.410,600985,11.15,400,376164,S,A
09:30:10.410,600985,11.0,1000,376417,B,A
09:30:10.410,600985,11.8,100,377129,S,A
09:30:10.410,600985,11.14,9000,377220,B,A
09:30:10.410,600985,11.11,2000,377391,B,A
09:30:10.410,600985,11.15,500,377681,S,A
09:30:10.410,600985,11.15,1500,377682,S,A
09:30:10.410,600985,11.15,300,377683,S,A
09:30:10.410,600985,11.15,200,377697,S,A
09:30:10.410,600985,11.15,300,377698,S,A
09:30:10.410,600985,11.15,800,377699,S,A
09:30:10.410,600985,11.15,900,377700,S,A
09:30:10.410,600985,11.15,200,377701,S,A
09:30:10.410,600985,11.15,300,377702,S,A
09:30:10.410,600985,11.15,800,377703,S,A
09:30:10.530,600985,11.79,700,378361,S,A
09:30:10.530,600985,11.98,2000,378547,S,A
09:30:10.600,600985,11.7,1000,379025,S,A
09:30:10.600,600985,11.09,3000,379094,B,A
09:30:10.600,600985,11.15,900,379212,S,A
09:30:10.600,600985,11.15,500,379214,S,A
09:30:10.600,600985,11.15,600,379640,S,A
09:30:10.600,600985,11.15,300,379641,S,A
09:30:10.600,600985,11.15,200,379643,S,A
09:30:10.600,600985,11.15,200,379645,S,A
09:30:10.600,600985,11.15,100,379646,S,A
09:30:10.680,600985,11.15,200,379716,S,A
09:30:10.680,600985,11.15,1400,379717,S,A
09:30:10.680,600985,11.15,500,379719,S,A
09:30:10.680,600985,11.15,900,379720,S,A
09:30:10.680,600985,11.7,300,379887,S,A
09:30:10.720,600985,11.15,300,380327,S,A
09:30:10.770,600985,11.95,3000,380488,S,A
09:30:10.770,600985,11.94,10000,380881,S,A
09:30:10.810,600985,11.26,1000,381259,S,A
09:30:10.860,600985,11.2,8800,381423,S,A
09:30:10.890,600985,11.13,4500,381888,B,A
09:30:11.050,600985,11.21,3000,383042,S,A
09:30:11.160,600985,11.05,400,383395,B,A
09:30:11.160,600985,11.8,500,383464,S,A
09:30:11.370,600985,11.14,200,384550,B,A
09:30:11.470,600985,11.44,5000,385367,S,A
09:30:11.620,600985,11.15,1100,386301,S,A
09:30:11.620,600985,11.15,600,386302,S,A
09:30:11.620,600985,11.15,1600,386303,S,A
09:30:11.620,600985,11.15,3100,386304,S,A
09:30:11.620,600985,11.15,1700,386305,S,A
09:30:11.660,600985,11.0,4300,386573,B,A
09:30:11.710,600985,11.14,200,386808,B,A
09:30:11.710,600985,11.15,400,386914,S,A
09:30:11.780,600985,11.15,500,387124,S,A
09:30:11.780,600985,11.15,200,387125,S,A
09:30:11.780,600985,11.15,1400,387126,S,A
09:30:11.780,600985,11.15,200,387127,S,A
09:30:11.780,600985,11.15,300,387128,S,A
09:30:11.780,600985,11.15,300,387129,S,A
09:30:11.780,600985,11.15,300,387130,S,A
09:30:11.780,600985,11.15,900,387131,S,A
09:30:11.780,600985,11.15,100,387132,S,A
09:30:11.780,600985,11.15,300,387133,S,A
09:30:11.810,600985,11.13,1000,387321,B,A
09:30:11.810,600985,11.15,300,387438,S,A
09:30:11.810,600985,11.15,300,387439,S,A
09:30:11.810,600985,11.11,10000,387466,B,A
09:30:11.920,600985,11.25,1500,388155,S,A
09:30:11.970,600985,10.92,900,388426,B,A
09:30:11.970,600985,12.0,1200,388481,S,A
09:30:12.050,600985,11.14,5000,388709,B,A
09:30:12.090,600985,11.12,4500,388859,B,A
09:30:12.230,600985,11.15,15600,389846,S,A
09:30:12.230,600985,11.45,1200,390138,S,A
09:30:12.230,600985,11.39,700,390178,S,A
09:30:12.310,600985,11.12,800,390564,B,A
09:30:12.310,600985,11.66,10000,390577,S,A
09:30:12.310,600985,11.15,1200,390617,S,A
09:30:12.310,600985,11.15,2900,390620,S,A
09:30:12.460,600985,11.01,2000,391992,B,A
09:30:12.510,600985,11.02,2000,392448,B,A
09:30:12.600,600985,11.15,500,379214,S,D
09:30:12.600,600985,11.24,1000,393314,S,A
09:30:12.680,600985,11.15,300,393804,S,A
09:30:12.680,600985,11.15,100,375936,S,D
09:30:12.680,600985,11.15,400,376164,S,D
09:30:12.680,600985,11.15,800,376161,S,D
09:30:12.680,600985,11.15,600,376163,S,D
09:30:12.680,600985,11.15,500,375935,S,D
09:30:12.680,600985,11.14,3700,393999,B,A
09:30:12.760,600985,11.8,200,394510,S,A
09:30:12.760,600985,11.15,100,394653,S,A
09:30:12.800,600985,11.15,500,394701,S,A
09:30:12.910,600985,10.91,200,395643,B,A
09:30:13.200,600985,11.11,4500,396963,B,A
09:30:13.320,600985,11.13,1300,397696,B,A
09:30:13.530,600985,11.09,200,398838,B,A
09:30:13.530,600985,10.9,100,399003,B,A
09:30:13.600,600985,11.11,300,317992,B,D
09:30:13.630,600985,11.03,100,399407,B,A
09:30:13.740,600985,11.21,2400,159863,S,D
09:30:13.780,600985,11.13,3000,399934,B,A
09:30:13.810,600985,11.3,10000,400205,S,A
09:30:13.840,600985,11.15,100,400411,S,A
09:30:13.950,600985,11.44,5700,400693,S,A
09:30:13.950,600985,11.9,100,400742,S,A
09:30:13.990,600985,11.15,300,377702,S,D
09:30:13.990,600985,11.15,200,377697,S,D
09:30:13.990,600985,11.15,200,377701,S,D
09:30:13.990,600985,11.15,900,377700,S,D
09:30:13.990,600985,11.15,800,377699,S,D
09:30:13.990,600985,11.15,300,377698,S,D
09:30:13.990,600985,11.15,800,377703,S,D
09:30:14.090,600985,11.14,10800,401467,B,A
09:30:14.190,600985,11.69,2000,401873,S,A
09:30:14.390,600985,11.03,300,402699,B,A
09:30:14.460,600985,11.0,300,402903,B,A
09:30:14.460,600985,11.0,100,402907,B,A
09:30:14.460,600985,11.0,100,402908,B,A
09:30:14.460,600985,11.0,300,403050,B,A
09:30:14.460,600985,10.65,100,403059,B,A
09:30:14.570,600985,11.94,1000,403344,S,A
09:30:14.680,600985,11.03,200,403774,B,A
09:30:14.680,600985,10.87,200,403782,B,A
09:30:14.780,600985,11.94,4000,404312,S,A
09:30:14.810,600985,10.51,100,404538,B,A
09:30:14.920,600985,11.0,100,404907,B,A
09:30:14.990,600985,10.78,200,405157,B,A
09:30:14.990,600985,11.0,200,405158,B,A
09:30:15.060,600985,11.35,4000,405358,S,A
09:30:15.240,600985,11.15,100,406152,S,A
09:30:15.240,600985,11.15,200,406371,S,A
09:30:15.240,600985,11.29,1000,406385,S,A
09:30:15.280,600985,11.15,100,406439,S,A
09:30:15.280,600985,11.15,500,406640,S,A
09:30:15.280,600985,11.15,500,406641,S,A
09:30:15.280,600985,11.15,600,406661,S,A
09:30:15.280,600985,11.15,300,406754,S,A
09:30:15.320,600985,11.15,100,406797,S,A
09:30:15.320,600985,11.15,15600,389846,S,D
09:30:15.320,600985,11.14,600,406813,S,A
09:30:15.320,600985,11.15,100,406836,S,A
09:30:15.320,600985,11.15,100,406837,S,A
09:30:15.320,600985,11.15,200,406838,S,A
09:30:15.320,600985,11.15,200,406839,S,A
09:30:15.320,600985,11.15,700,406905,S,A
09:30:15.320,600985,11.15,100,406911,S,A
09:30:15.320,600985,11.15,100,406957,S,A
09:30:15.320,600985,11.0,400,406976,B,A
09:30:15.360,600985,11.14,200,407104,S,A
09:30:15.360,600985,11.14,300,407105,S,A
09:30:15.360,600985,11.14,300,407116,S,A
09:30:15.390,600985,11.0,200,407494,B,A
09:30:15.390,600985,11.19,1000,407664,S,A
09:30:15.440,600985,11.14,800,407750,S,A
09:30:15.440,600985,11.14,100,407838,S,A
09:30:15.440,600985,11.15,200,407985,S,A
09:30:15.440,600985,11.15,200,408029,S,A
09:30:15.440,600985,11.15,400,408054,S,A
09:30:15.480,600985,10.99,400,408354,B,A
09:30:15.560,600985,11.48,500,408589,S,A
09:30:15.560,600985,11.15,100,408689,S,A
09:30:15.560,600985,11.14,1500,408774,S,A
09:30:15.560,600985,11.14,600,408817,S,A
09:30:15.600,600985,11.15,500,408896,S,A
09:30:15.600,600985,11.15,100,379646,S,D
09:30:15.600,600985,11.15,200,379645,S,D
09:30:15.600,600985,11.15,200,379643,S,D
09:30:15.600,600985,11.14,300,409074,S,A
09:30:15.600,600985,11.14,200,409075,S,A
09:30:15.600,600985,11.15,300,379641,S,D
09:30:15.600,600985,11.14,200,409076,S,A
09:30:15.600,600985,11.15,600,379640,S,D
09:30:15.600,600985,11.14,300,409077,S,A
09:30:15.600,600985,11.14,400,409078,S,A
09:30:15.600,600985,11.14,700,409079,S,A
09:30:15.600,600985,11.14,100,409092,S,A
09:30:15.600,600985,11.14,400,409093,S,A
09:30:15.600,600985,11.14,100,409094,S,A
09:30:15.600,600985,11.14,100,409095,S,A
09:30:15.600,600985,11.14,1400,409096,S,A
09:30:15.600,600985,11.14,200,409097,S,A
09:30:15.600,600985,11.14,600,409098,S,A
09:30:15.600,600985,11.14,200,409100,S,A
09:30:15.600,600985,11.14,600,409102,S,A
09:30:15.600,600985,11.14,300,409103,S,A
09:30:15.640,600985,11.14,1100,409169,S,A
09:30:15.640,600985,11.14,600,409170,S,A
09:30:15.640,600985,11.14,800,409172,S,A
09:30:15.640,600985,11.0,300,409392,B,A
09:30:15.640,600985,10.39,600,409414,B,A
09:30:15.730,600985,11.15,100,409610,S,A
09:30:15.730,600985,11.14,900,409823,S,A
09:30:15.730,600985,11.14,200,409824,S,A
09:30:15.730,600985,11.14,1100,409825,S,A
09:30:15.730,600985,11.14,400,409826,S,A
09:30:15.730,600985,11.14,300,409827,S,A
09:30:15.730,600985,11.14,400,409828,S,A
09:30:15.730,600985,11.14,900,409829,S,A
09:30:15.730,600985,11.14,400,409838,S,A
09:30:15.810,600985,11.14,600,409934,S,A
09:30:15.810,600985,11.14,900,409935,S,A
09:30:15.810,600985,11.14,700,409936,S,A
09:30:15.810,600985,11.14,100,409937,S,A
09:30:15.810,600985,11.14,500,409938,S,A
09:30:15.810,600985,11.14,2800,410028,S,A
09:30:15.810,600985,11.14,1000,410043,S,A
09:30:15.810,600985,11.04,300,410158,B,A
09:30:15.810,600985,11.14,1500,410349,S,A
09:30:15.810,600985,11.93,400,410520,S,A
09:30:15.810,600985,11.03,100,410592,B,A
09:30:15.860,600985,10.9,600,410653,B,A
09:30:15.940,600985,11.14,900,411270,S,A
09:30:16.090,600985,11.03,300,412314,B,A
09:30:16.130,600985,11.15,100,412563,S,A
09:30:16.190,600985,10.82,300,412630,B,A
09:30:16.220,600985,11.03,100,412911,B,A
09:30:16.300,600985,10.91,200,413401,B,A
09:30:16.370,600985,12.24,500,413593,S,A
09:30:16.370,600985,11.38,18800,413851,S,A
09:30:16.450,600985,11.15,500,394701,S,D
09:30:16.580,600985,11.14,300,414618,S,A
09:30:16.580,600985,11.14,300,414619,S,A
09:30:16.580,600985,11.14,400,414620,S,A
09:30:16.580,600985,11.14,200,414621,S,A
09:30:16.580,600985,11.14,1100,414622,S,A
09:30:16.580,600985,11.15,300,387129,S,D
09:30:16.580,600985,11.15,300,387130,S,D
09:30:16.580,600985,11.15,900,387131,S,D
09:30:16.580,600985,11.15,200,387125,S,D
09:30:16.580,600985,11.15,500,387124,S,D
09:30:16.580,600985,11.15,300,387439,S,D
09:30:16.580,600985,11.15,300,387128,S,D
09:30:16.580,600985,11.15,100,387132,S,D
09:30:16.580,600985,11.15,300,387438,S,D
09:30:16.580,600985,11.15,200,387127,S,D
09:30:16.580,600985,11.15,300,387133,S,D
09:30:16.580,600985,11.15,1400,387126,S,D
09:30:16.580,600985,11.14,100,414623,S,A
09:30:16.580,600985,11.14,300,414624,S,A
09:30:16.580,600985,11.14,600,414625,S,A
09:30:16.580,600985,11.14,300,414626,S,A
09:30:16.580,600985,11.14,300,414627,S,A
09:30:16.620,600985,11.14,400,414695,S,A
09:30:16.620,600985,11.14,1700,414696,S,A
09:30:16.660,600985,11.98,300,414951,S,A
09:30:16.820,600985,11.14,100,415386,S,A
09:30:16.920,600985,11.41,2200,415531,S,A
09:30:16.920,600985,12.24,600,415744,S,A
09:30:17.060,600985,11.14,700,416147,S,A
09:30:17.230,600985,11.15,100,416423,S,A
09:30:17.230,600985,11.15,100,416574,S,A
09:30:17.440,600985,11.11,1000,417111,B,A
09:30:17.440,600985,11.14,1300,417288,S,A
09:30:17.440,600985,11.13,300,417357,B,A
09:30:17.440,600985,11.1,500,353920,B,D
09:30:17.620,600985,11.15,28600,417762,S,A
09:30:17.800,600985,11.1,2000,418162,B,A
09:30:17.890,600985,11.15,100,400411,S,D
09:30:18.120,600985,11.14,100,419192,S,A
09:30:18.160,600985,11.14,100,419227,S,A
09:30:18.160,600985,11.14,100,419229,S,A
09:30:18.200,600985,11.14,100,419523,S,A
09:30:18.240,600985,11.14,200,419788,S,A
09:30:18.240,600985,11.14,200,419790,S,A
09:30:18.240,600985,11.14,900,411270,S,D
09:30:18.240,600985,11.14,100,419806,S,A
09:30:18.240,600985,11.14,2400,419847,S,A
09:30:18.240,600985,11.14,1100,419912,S,A
09:30:18.240,600985,11.15,100,419916,S,A
09:30:18.270,600985,11.14,100,419990,S,A
09:30:18.270,600985,11.15,200,406838,S,D
09:30:18.270,600985,11.15,200,406839,S,D
09:30:18.270,600985,11.15,600,406661,S,D
09:30:18.270,600985,11.15,100,406837,S,D
09:30:18.270,600985,11.14,200,419998,S,A
09:30:18.270,600985,11.14,300,419999,S,A
09:30:18.270,600985,11.14,700,420103,S,A
09:30:18.270,600985,11.14,200,420104,S,A
09:30:18.270,600985,11.15,100,406836,S,D
09:30:18.270,600985,11.14,100,420106,S,A
09:30:18.310,600985,11.15,100,420311,S,A
09:30:18.310,600985,11.14,1500,410349,S,D
09:30:18.350,600985,11.14,100,420505,S,A
09:30:18.350,600985,11.14,100,420571,S,A
09:30:18.350,600985,11.14,100,420655,S,A
09:30:18.380,600985,11.14,100,420890,S,A
09:30:18.380,600985,11.14,100,420891,S,A
09:30:18.460,600985,11.14,200,421236,S,A
09:30:18.460,600985,11.14,100,421262,S,A
09:30:18.530,600985,11.14,100,421619,S,A
09:30:18.530,600985,11.14,200,421620,S,A
09:30:18.530,600985,11.14,100,421628,S,A
09:30:18.640,600985,11.14,600,409934,S,D
09:30:18.640,600985,11.14,700,409936,S,D
09:30:18.640,600985,11.14,900,409935,S,D
09:30:18.640,600985,11.14,500,409938,S,D
09:30:18.640,600985,11.14,100,409937,S,D
09:30:18.640,600985,11.14,100,422267,S,A
09:30:18.640,600985,11.14,1100,409825,S,D
09:30:18.640,600985,11.14,900,409829,S,D
09:30:18.640,600985,11.14,400,409826,S,D
09:30:18.640,600985,11.14,200,409824,S,D
09:30:18.640,600985,11.14,300,409827,S,D
09:30:18.640,600985,11.14,400,409828,S,D
09:30:18.640,600985,11.13,200,422367,S,A
09:30:18.680,600985,11.14,100,422508,S,A
09:30:18.680,600985,11.13,2900,422603,S,A
09:30:18.680,600985,11.14,200,422625,S,A
09:30:18.680,600985,11.14,100,422626,S,A
09:30:18.680,600985,11.14,200,422630,S,A
09:30:18.720,600985,11.14,400,409838,S,D
09:30:18.720,600985,11.13,600,422794,S,A
09:30:18.720,600985,11.14,100,422887,S,A
09:30:19.020,600985,11.01,1000,424683,B,A
09:30:19.050,600985,11.13,2100,424842,S,A
09:30:19.410,600985,11.13,900,425803,S,A
09:30:19.850,600985,11.13,100,426869,S,A
09:30:19.920,600985,11.2,1000,427022,S,A
09:30:20.080,600985,11.14,100,427331,S,A
09:30:20.080,600985,11.13,1600,427333,S,A
09:30:20.080,600985,11.14,1100,419912,S,D
09:30:20.640,600985,11.15,100,428079,S,A
09:30:20.990,600985,11.26,5000,428659,S,A
09:30:21.020,600985,11.17,1700,355318,S,D
09:30:21.140,600985,11.13,100,428959,S,A
09:30:21.140,600985,11.13,100,428961,S,A
09:30:21.140,600985,11.13,100,428964,S,A
09:30:21.140,600985,11.13,100,428988,S,A
09:30:21.140,600985,11.13,100,428990,S,A
09:30:21.210,600985,11.13,100,429208,S,A
09:30:21.210,600985,11.13,100,429212,S,A
09:30:21.210,600985,11.13,100,429221,S,A
09:30:21.210,600985,11.13,100,429317,S,A
09:30:21.210,600985,11.13,100,429339,S,A
09:30:21.210,600985,11.13,100,429342,S,A
09:30:21.210,600985,11.13,100,429343,S,A
09:30:21.210,600985,11.13,100,429344,S,A
09:30:21.210,600985,11.13,100,429345,S,A
09:30:21.210,600985,11.14,2400,419847,S,D
09:30:21.250,600985,11.13,200,429421,S,A
09:30:21.250,600985,11.13,200,429428,S,A
09:30:21.250,600985,11.13,100,429430,S,A
09:30:21.250,600985,11.13,100,429436,S,A
09:30:21.250,600985,11.13,100,429460,S,A
09:30:21.250,600985,11.13,200,429468,S,A
09:30:21.280,600985,11.13,100,429623,S,A
09:30:21.310,600985,11.13,200,429662,S,A
09:30:21.310,600985,11.13,100,429733,S,A
09:30:21.310,600985,11.15,3000,429748,S,A
09:30:21.340,600985,11.13,300,430036,S,A
09:30:21.470,600985,11.14,400,414620,S,D
09:30:21.470,600985,11.14,300,414624,S,D
09:30:21.470,600985,11.14,300,414618,S,D
09:30:21.470,600985,11.14,100,414623,S,D
09:30:21.470,600985,11.14,300,414626,S,D
09:30:21.470,600985,11.14,1700,414696,S,D
09:30:21.470,600985,11.14,300,414627,S,D
09:30:21.470,600985,11.14,300,414619,S,D
09:30:21.470,600985,11.14,600,414625,S,D
09:30:21.470,600985,11.14,200,414621,S,D
09:30:21.470,600985,11.14,1100,414622,S,D
09:30:21.470,600985,11.14,400,414695,S,D
09:30:21.500,600985,11.13,100,430993,S,A
09:30:21.540,600985,11.12,200,431093,S,A
09:30:21.540,600985,11.12,100,431133,S,A
09:30:21.540,600985,11.12,200,431137,S,A
09:30:21.580,600985,11.12,700,431364,S,A
09:30:21.640,600985,11.12,400,431544,S,A
09:30:21.640,600985,11.12,1400,431545,S,A
09:30:21.640,600985,11.12,1700,431546,S,A
09:30:21.640,600985,11.12,600,431547,S,A
09:30:21.640,600985,11.12,200,431548,S,A
09:30:21.640,600985,11.12,400,431549,S,A
09:30:21.640,600985,11.12,600,431550,S,A
09:30:21.680,600985,11.12,200,431771,S,A
09:30:21.680,600985,11.12,700,431772,S,A
09:30:21.680,600985,11.12,900,431773,S,A
09:30:21.680,600985,11.12,1400,431774,S,A
09:30:21.680,600985,11.12,1100,431775,S,A
09:30:21.840,600985,11.12,2300,432575,S,A
09:30:21.840,600985,11.13,600,425803,S,D
09:30:21.840,600985,11.12,900,432578,S,A
09:30:21.840,600985,11.15,100,432653,S,A
09:30:21.880,600985,11.14,300,419999,S,D
09:30:21.880,600985,11.14,200,419998,S,D
09:30:21.880,600985,11.12,400,432718,S,A
09:30:21.880,600985,11.12,400,432719,S,A
09:30:21.880,600985,11.14,700,420103,S,D
09:30:21.880,600985,11.12,1100,432720,S,A
09:30:21.880,600985,11.14,200,420104,S,D
09:30:21.880,600985,11.12,300,432721,S,A
09:30:21.880,600985,11.14,100,420106,S,D
09:30:21.880,600985,11.12,100,432722,S,A
09:30:21.880,600985,11.14,700,416147,S,D
09:30:21.880,600985,11.12,1000,432808,S,A
09:30:22.020,600985,11.12,3500,433405,S,A
09:30:22.020,600985,11.12,900,433411,S,A
09:30:22.150,600985,11.13,1600,427333,S,D
09:30:22.150,600985,11.12,1700,433755,S,A
09:30:22.280,600985,11.13,100,434179,S,A
09:30:22.340,600985,11.12,9000,434303,S,A
09:30:22.960,600985,11.13,100,435390,S,A
09:30:23.020,600985,11.41,1000,435525,S,A
09:30:23.260,600985,11.13,500,435905,S,A
09:30:23.470,600985,11.14,49400,436228,S,A
09:30:23.710,600985,11.09,11900,244877,B,D
09:30:23.870,600985,11.13,100,426869,S,D
09:30:24.070,600985,11.01,1000,437144,B,A
09:30:24.130,600985,11.13,100,437279,S,A
09:30:24.130,600985,11.11,48200,437315,S,A
09:30:24.130,600985,11.11,48400,437333,S,A
09:30:24.160,600985,11.12,100,437345,S,A
09:30:24.160,600985,11.12,100,437347,S,A
09:30:24.160,600985,11.12,100,437350,S,A
09:30:24.160,600985,11.12,100,437358,S,A
09:30:24.160,600985,11.15,100,408689,S,D
09:30:24.160,600985,11.12,100,437466,S,A
09:30:24.190,600985,11.12,100,437542,S,A
09:30:24.190,600985,11.12,100,437543,S,A
09:30:24.190,600985,11.11,1300,437556,S,A
09:30:24.190,600985,11.11,1000,437557,S,A
09:30:24.220,600985,11.12,100,437716,S,A
09:30:24.220,600985,11.12,100,437719,S,A
09:30:24.220,600985,11.12,100,437725,S,A
09:30:24.220,600985,11.12,100,437730,S,A
09:30:24.220,600985,11.12,100,437732,S,A
09:30:24.220,600985,11.12,100,437737,S,A
09:30:24.250,600985,11.11,200,437957,S,A
09:30:24.250,600985,11.12,100,437960,S,A
09:30:24.250,600985,11.12,100,438005,S,A
09:30:24.250,600985,11.12,100,438008,S,A
09:30:24.250,600985,11.15,100,406797,S,D
09:30:24.250,600985,11.12,100,438030,S,A
09:30:24.250,600985,11.12,100,438031,S,A
09:30:24.350,600985,11.11,1600,438511,S,A
09:30:24.350,600985,11.12,100,438584,S,A
09:30:24.390,600985,11.11,6800,438897,S,A
09:30:24.390,600985,11.11,1000,439006,S,A
09:30:24.390,600985,11.12,200,439058,S,A
09:30:24.420,600985,11.15,100,416423,S,D
09:30:24.460,600985,11.15,200,408029,S,D
09:30:24.460,600985,11.11,1500,439402,S,A
09:30:24.460,600985,11.12,100,439457,S,A
09:30:24.460,600985,11.15,100,394653,S,D
09:30:24.490,600985,11.12,100,439502,S,A
09:30:24.490,600985,11.13,100,439645,S,A
09:30:24.530,600985,11.15,100,416574,S,D
09:30:24.530,600985,11.12,100,439722,S,A
09:30:24.560,600985,11.15,100,419916,S,D
09:30:24.560,600985,11.15,300,393804,S,D
09:30:24.560,600985,11.11,100,439911,S,A
09:30:24.560,600985,11.11,100,440062,S,A
09:30:24.590,600985,11.11,400,440152,S,A
09:30:24.590,600985,11.11,100,440180,S,A
09:30:24.590,600985,11.11,1000,440182,S,A
09:30:24.640,600985,11.12,100,440401,S,A
09:30:24.640,600985,11.15,100,409610,S,D
09:30:24.640,600985,11.12,100,440477,S,A
09:30:24.640,600985,11.11,200,440527,S,A
09:30:24.640,600985,11.12,900,431773,S,D
09:30:24.640,600985,11.12,1400,431774,S,D
09:30:24.640,600985,11.11,1200,440528,S,A
09:30:24.640,600985,11.11,1700,440529,S,A
09:30:24.640,600985,11.12,200,431772,S,D
09:30:24.640,600985,11.12,1100,431775,S,D
09:30:24.640,600985,11.11,1400,440530,S,A
09:30:24.640,600985,11.11,500,440531,S,A
09:30:24.640,600985,11.11,100,440569,S,A
09:30:24.640,600985,11.11,100,440592,S,A
09:30:24.640,600985,11.11,2200,440593,S,A
09:30:24.640,600985,11.11,300,440594,S,A
09:30:24.640,600985,11.11,300,440596,S,A
09:30:24.680,600985,11.11,3200,440750,S,A
09:30:24.680,600985,11.12,200,440865,S,A
09:30:24.680,600985,11.12,300,440867,S,A
09:30:24.680,600985,11.12,100,440871,S,A
09:30:24.680,600985,11.11,1000,440875,S,A
09:30:24.720,600985,11.11,100,440976,S,A
09:30:24.720,600985,11.11,100,441070,S,A
09:30:24.790,600985,11.11,100,441551,S,A
09:30:24.830,600985,11.11,1000,441715,S,A
09:30:24.830,600985,11.11,1100,441801,S,A
09:30:24.860,600985,11.11,100,441866,S,A
09:30:24.860,600985,11.12,1800,441908,S,A
09:30:24.900,600985,11.11,100,442034,S,A
09:30:24.900,600985,11.12,1700,433755,S,D
09:30:24.900,600985,11.11,2600,442179,S,A
09:30:24.930,600985,11.11,100,442257,S,A
09:30:24.930,600985,11.11,100,442273,S,A
09:30:24.960,600985,11.11,100,442427,S,A
09:30:25.030,600985,11.11,3600,442544,S,A
09:30:25.030,600985,11.12,400,432719,S,D
09:30:25.030,600985,11.12,400,432718,S,D
09:30:25.030,600985,11.12,1100,432720,S,D
09:30:25.030,600985,11.11,700,442607,S,A
09:30:25.030,600985,11.11,600,442612,S,A
09:30:25.030,600985,11.12,300,432721,S,D
09:30:25.030,600985,11.11,400,442613,S,A
09:30:25.030,600985,11.11,1700,442614,S,A
09:30:25.030,600985,11.12,100,432722,S,D
09:30:25.030,600985,11.11,100,442615,S,A
09:30:25.030,600985,11.12,2300,432575,S,D
09:30:25.030,600985,11.11,3500,442640,S,A
09:30:25.030,600985,11.12,900,432578,S,D
09:30:25.030,600985,11.11,1400,442647,S,A
09:30:25.030,600985,11.11,100,442675,S,A
09:30:25.050,600985,11.12,1000,432808,S,D
09:30:25.050,600985,11.11,1600,442737,S,A
09:30:25.090,600985,11.11,100,442762,S,A
09:30:25.090,600985,11.11,500,442823,S,A
09:30:25.090,600985,11.11,100,442862,S,A
09:30:25.120,600985,11.11,100,442968,S,A
09:30:25.150,600985,11.11,200,443237,S,A
09:30:25.270,600985,11.11,100,443393,S,A
09:30:25.270,600985,11.09,9000,443538,S,A
09:30:25.270,600985,11.11,500,443581,S,A
09:30:25.270,600985,11.11,200,443586,S,A
09:30:25.270,600985,11.11,100,443645,S,A
09:30:25.270,600985,11.11,400,443647,S,A
09:30:25.270,600985,11.11,100,443657,S,A
09:30:25.270,600985,11.13,100,437279,S,D
09:30:25.270,600985,11.11,200,443754,S,A
09:30:25.310,600985,11.11,100,443857,S,A
09:30:25.310,600985,11.11,100,443912,S,A
09:30:25.380,600985,11.15,500,444021,S,A
09:30:25.380,600985,11.11,100,444059,S,A
09:30:25.440,600985,11.11,200,444243,S,A
09:30:25.440,600985,11.11,200,444293,S,A
09:30:25.440,600985,11.11,200,444430,S,A
09:30:25.440,600985,11.14,2100,444432,S,A
09:30:25.480,600985,11.12,100,444479,S,A
09:30:25.510,600985,11.11,200,444517,S,A
09:30:25.510,600985,11.11,3900,444529,S,A
09:30:25.510,600985,11.11,100,444563,S,A
09:30:25.510,600985,11.11,100,444575,S,A
09:30:25.580,600985,11.11,100,444715,S,A
09:30:25.720,600985,11.11,100,445093,S,A
09:30:25.720,600985,11.6,200,445109,S,A
09:30:25.720,600985,11.11,300,445216,S,A
09:30:25.720,600985,11.13,100,445253,S,A
09:30:25.800,600985,11.11,100,445348,S,A
09:30:25.800,600985,11.11,200,445433,S,A
09:30:25.860,600985,11.1,100,445616,S,A
09:30:25.920,600985,11.11,100,445687,S,A
09:30:26.020,600985,11.13,100,445253,S,D
09:30:26.050,600985,11.11,200,446017,S,A
09:30:26.110,600985,11.11,100,446201,S,A
09:30:26.140,600985,11.11,100,446268,S,A
09:30:26.250,600985,11.11,300,446519,S,A
09:30:26.350,600985,11.11,100,446642,S,A
09:30:26.440,600985,11.11,300,446838,S,A
09:30:26.440,600985,11.31,1000,179461,S,D
09:30:26.480,600985,11.13,100,446902,S,A
09:30:26.650,600985,11.1,50300,447193,S,A
09:30:26.680,600985,11.15,100,447207,S,A
09:30:26.680,600985,11.15,300,447208,S,A
09:30:26.800,600985,11.11,100,447472,S,A
09:30:26.830,600985,11.13,100,439645,S,D
09:30:26.920,600985,11.11,100,447626,S,A
09:30:26.960,600985,11.11,100,447646,S,A
09:30:27.050,600985,11.13,100,446902,S,D
09:30:27.150,600985,11.14,100,419229,S,D
09:30:27.150,600985,11.12,100,437358,S,D
09:30:27.150,600985,11.09,100,448076,S,A
09:30:27.150,600985,11.09,100,448079,S,A
09:30:27.150,600985,11.14,100,419192,S,D
09:30:27.190,600985,11.09,100,448157,S,A
09:30:27.190,600985,11.09,200,448158,S,A
09:30:27.190,600985,11.12,100,437350,S,D
09:30:27.190,600985,11.14,100,419227,S,D
09:30:27.190,600985,11.09,100,448162,S,A
09:30:27.190,600985,11.12,100,437466,S,D
09:30:27.190,600985,11.09,200,448173,S,A
09:30:27.190,600985,11.11,48400,437333,S,D
09:30:27.190,600985,11.09,100,448259,S,A
09:30:27.190,600985,11.12,100,438030,S,D
09:30:27.190,600985,11.09,200,448262,S,A
09:30:27.190,600985,11.12,100,437730,S,D
09:30:27.190,600985,11.13,100,429339,S,D
09:30:27.190,600985,11.12,100,437737,S,D
09:30:27.190,600985,11.14,100,420505,S,D
09:30:27.220,600985,11.09,200,448411,S,A
09:30:27.220,600985,11.09,100,448412,S,A
09:30:27.220,600985,11.09,100,448413,S,A
09:30:27.220,600985,11.09,300,448414,S,A
09:30:27.220,600985,11.09,100,448427,S,A
09:30:27.220,600985,11.15,100,406152,S,D
09:30:27.220,600985,11.14,100,421262,S,D
09:30:27.220,600985,11.09,100,448438,S,A
09:30:27.220,600985,11.09,100,448495,S,A
09:30:27.270,600985,11.14,100,419806,S,D
09:30:27.270,600985,11.11,4500,448566,S,A
09:30:27.270,600985,11.11,48200,437315,S,D
09:30:27.270,600985,11.15,100,406439,S,D
09:30:27.270,600985,11.14,100,420655,S,D
09:30:27.270,600985,11.15,300,406754,S,D
09:30:27.270,600985,11.15,100,406957,S,D
09:30:27.270,600985,11.14,100,419990,S,D
09:30:27.270,600985,11.09,100,448636,S,A
09:30:27.270,600985,11.09,100,448638,S,A
09:30:27.310,600985,11.14,100,421619,S,D
09:30:27.310,600985,11.15,500,408896,S,D
09:30:27.310,600985,11.14,200,421620,S,D
09:30:27.310,600985,11.15,500,406640,S,D
09:30:27.310,600985,11.15,500,406641,S,D
09:30:27.310,600985,11.14,200,419788,S,D
09:30:27.310,600985,11.14,200,419790,S,D
09:30:27.310,600985,11.15,700,406905,S,D
09:30:27.340,600985,11.14,4500,449102,S,A
09:30:27.340,600985,11.15,100,406911,S,D
09:30:27.380,600985,11.09,100,449118,S,A
09:30:27.380,600985,11.14,100,421628,S,D
09:30:27.380,600985,11.14,100,420890,S,D
09:30:27.380,600985,11.14,100,420891,S,D
09:30:27.380,600985,11.11,200,443586,S,D
09:30:27.410,600985,11.11,100,440976,S,D
09:30:27.410,600985,11.15,400,408054,S,D
09:30:27.410,600985,11.14,200,422630,S,D
09:30:27.410,600985,11.09,200,449504,S,A
09:30:27.410,600985,11.14,100,422626,S,D
09:30:27.410,600985,11.15,200,407985,S,D
09:30:27.410,600985,11.14,200,422625,S,D
09:30:27.410,600985,11.09,100,449506,S,A
09:30:27.410,600985,11.11,100,441866,S,D
09:30:27.410,600985,11.11,300,445216,S,D
09:30:27.410,600985,11.09,100,449560,S,A
09:30:27.410,600985,11.11,200,444430,S,D
09:30:27.410,600985,11.11,100,444575,S,D
09:30:27.410,600985,11.11,200,443754,S,D
09:30:27.410,600985,11.11,100,446201,S,D
09:30:27.410,600985,11.11,100,447646,S,D
09:30:27.410,600985,11.11,100,444563,S,D
09:30:27.410,600985,11.11,100,443857,S,D
09:30:27.410,600985,11.11,100,443393,S,D
09:30:27.410,600985,11.11,100,441551,S,D
09:30:27.410,600985,11.11,100,446268,S,D
09:30:27.410,600985,11.11,100,440569,S,D
09:30:27.440,600985,11.11,100,441070,S,D
09:30:27.440,600985,11.11,1000,439006,S,D
09:30:27.440,600985,11.11,100,444059,S,D
09:30:27.440,600985,11.11,100,442968,S,D
09:30:27.440,600985,11.11,400,443647,S,D
09:30:27.440,600985,11.12,100,440401,S,D
09:30:27.440,600985,11.11,100,443645,S,D
09:30:27.440,600985,11.11,100,445687,S,D
09:30:27.440,600985,11.11,100,445093,S,D
09:30:27.440,600985,11.14,100,420571,S,D
09:30:27.440,600985,11.11,200,444293,S,D
09:30:27.480,600985,11.14,200,421236,S,D
09:30:27.480,600985,11.09,200,449932,S,A
09:30:27.520,600985,11.11,100,442273,S,D
09:30:27.520,600985,11.11,300,446519,S,D
09:30:27.520,600985,11.11,100,442862,S,D
09:30:27.520,600985,11.11,100,442762,S,D
09:30:27.520,600985,11.14,100,419523,S,D
09:30:27.520,600985,11.11,100,442034,S,D
09:30:27.520,600985,11.11,6800,438897,S,D
09:30:27.520,600985,11.11,500,443581,S,D
09:30:27.520,600985,11.11,200,443237,S,D
09:30:27.560,600985,11.14,100,427331,S,D
09:30:27.560,600985,11.12,100,439457,S,D
09:30:27.560,600985,11.09,300,450390,S,A
09:30:27.560,600985,11.15,100,420311,S,D
09:30:27.560,600985,11.13,100,435390,S,D
09:30:27.630,600985,11.09,300,450606,S,A
09:30:27.630,600985,11.13,100,430993,S,D
09:30:27.630,600985,11.09,300,450607,S,A
09:30:27.630,600985,11.11,100,445348,S,D
09:30:27.630,600985,11.11,100,442675,S,D
09:30:27.630,600985,11.11,100,440062,S,D
09:30:27.660,600985,11.13,100,434179,S,D
09:30:27.710,600985,11.11,200,444517,S,D
09:30:27.710,600985,11.11,100,443912,S,D
09:30:27.710,600985,11.11,1000,440875,S,D
09:30:27.710,600985,11.14,100,422508,S,D
09:30:27.710,600985,11.09,100,451234,S,A
09:30:27.710,600985,11.14,100,422887,S,D
09:30:27.780,600985,11.14,100,422267,S,D
09:30:27.810,600985,11.11,3200,440750,S,D
09:30:27.850,600985,11.11,100,443657,S,D
09:30:27.890,600985,11.11,500,442823,S,D
09:30:28.020,600985,11.0,200,153023,B,D
09:30:28.020,600985,11.11,100,447626,S,D
09:30:28.050,600985,11.11,200,444243,S,D
09:30:28.050,600985,11.11,100,446642,S,D
09:30:28.140,600985,11.2,1000,453334,S,A
09:30:28.140,600985,10.98,1000,453335,B,A
09:30:28.340,600985,11.14,49400,436228,S,D
09:30:28.590,600985,11.12,9000,434303,S,D
09:30:28.620,600985,11.11,100,442257,S,D
09:30:28.690,600985,11.11,100,442427,S,D
09:30:28.780,600985,11.09,3000,443538,S,D
09:30:28.880,600985,11.11,100,455226,S,A
09:30:29.090,600985,11.15,400,386914,S,D
09:30:29.090,600985,11.09,500,455586,S,A
09:30:29.090,600985,11.13,500,435905,S,D
09:30:29.210,600985,11.11,300,446838,S,D
09:30:29.340,600985,10.88,500,456036,B,A
09:30:29.340,600985,11.13,400,456068,S,A
09:30:29.340,600985,11.11,100,455226,S,D
09:30:29.460,600985,11.11,200,445433,S,D
09:30:29.610,600985,11.42,2000,456507,S,A
09:30:29.710,600985,11.11,100,444715,S,D
09:30:29.730,600985,11.1,50300,447193,S,D
09:30:29.850,600985,11.15,100,428079,S,D
09:30:29.850,600985,11.15,300,447208,S,D
09:30:29.850,600985,11.09,200,456814,S,A
09:30:29.850,600985,11.15,100,432653,S,D
09:30:29.850,600985,11.15,100,447207,S,D
09:30:29.950,600985,11.1,100,445616,S,D
09:30:29.950,600985,11.11,200,446017,S,D
09:30:30.080,600985,11.11,100,457086,S,A
09:30:30.110,600985,11.14,4500,449102,S,D
09:30:30.140,600985,11.09,100,457304,S,A
09:30:30.170,600985,11.09,100,457363,S,A
09:30:30.170,600985,11.09,100,457364,S,A
09:30:30.170,600985,11.09,100,457393,S,A
09:30:30.170,600985,11.09,100,457409,S,A
09:30:30.200,600985,11.16,2000,457476,S,A
09:30:30.200,600985,11.09,100,457477,S,A
09:30:30.200,600985,10.98,2000,457496,B,A
09:30:30.240,600985,11.09,100,457567,S,A
09:30:30.240,600985,11.09,100,457569,S,A
09:30:30.300,600985,11.09,100,457623,S,A
09:30:30.300,600985,11.09,700,457677,S,A
09:30:30.300,600985,11.09,100,457680,S,A
09:30:30.300,600985,11.09,200,457691,S,A
09:30:30.300,600985,11.09,100,457693,S,A
09:30:30.300,600985,11.09,100,457708,S,A
09:30:30.300,600985,11.13,100,429221,S,D
09:30:30.300,600985,11.09,100,457760,S,A
09:30:30.300,600985,11.09,100,457833,S,A
09:30:30.300,600985,11.09,100,457845,S,A
09:30:30.300,600985,11.09,100,457846,S,A
09:30:30.300,600985,11.09,400,458014,S,A
09:30:30.300,600985,11.09,200,458029,S,A
09:30:30.300,600985,11.09,100,458068,S,A
09:30:30.300,600985,11.09,700,458088,S,A
09:30:30.300,600985,11.09,700,458091,S,A
09:30:30.300,600985,11.09,100,458140,S,A
09:30:30.330,600985,11.09,700,458213,S,A
09:30:30.330,600985,11.09,100,458226,S,A
09:30:30.330,600985,11.09,400,458244,S,A
09:30:30.330,600985,11.09,600,458248,S,A
09:30:30.370,600985,11.09,200,458425,S,A
09:30:30.370,600985,11.09,200,458439,S,A
09:30:30.370,600985,11.1,15700,458502,S,A
09:30:30.410,600985,11.09,100,458652,S,A
09:30:30.410,600985,11.09,300,458654,S,A
09:30:30.440,600985,11.09,100,458792,S,A
09:30:30.560,600985,11.12,100,444479,S,D
09:30:30.630,600985,11.09,100,459779,S,A
09:30:30.700,600985,11.09,100,460225,S,A
09:30:30.800,600985,11.09,100,460850,S,A
09:30:31.290,600985,11.09,300,462442,S,A
09:30:31.390,600985,11.19,2400,462666,S,A
09:30:31.470,600985,11.09,100,458792,S,D
09:30:31.540,600985,11.09,300,462442,S,D
09:30:31.570,600985,11.0,2000,463213,B,A
09:30:32.120,600985,11.15,3000,429748,S,D
09:30:32.210,600985,11.11,100,457086,S,D
09:30:32.700,600985,11.06,2400,465212,B,A
09:30:32.700,600985,11.11,100,447472,S,D
09:30:33.210,600985,11.09,100,466233,S,A
09:30:33.250,600985,11.09,200,466264,S,A
09:30:33.310,600985,11.09,700,466492,S,A
09:30:33.310,600985,11.09,600,466493,S,A
09:30:33.310,600985,11.09,700,466662,S,A
09:30:33.350,600985,11.09,100,466954,S,A
09:30:33.350,600985,11.09,100,467081,S,A
09:30:33.350,600985,11.12,200,439058,S,D
09:30:33.390,600985,11.09,200,467209,S,A
09:30:33.390,600985,11.09,200,467210,S,A
09:30:33.390,600985,11.09,200,467322,S,A
09:30:33.390,600985,11.09,200,467323,S,A
09:30:33.390,600985,11.09,200,467326,S,A
09:30:33.390,600985,11.12,100,439722,S,D
09:30:33.390,600985,11.09,100,467397,S,A
09:30:33.470,600985,11.13,1700,467822,S,A
09:30:33.750,600985,11.12,100,440477,S,D
09:30:33.750,600985,11.09,100,469358,S,A
09:30:33.750,600985,11.2,3000,469386,S,A
09:30:34.310,600985,11.09,500,471101,S,A
09:30:34.310,600985,11.09,200,471102,S,A
09:30:35.010,600985,11.14,100,415386,S,D
09:30:35.040,600985,11.09,600,472792,B,A
09:30:35.220,600985,11.11,4500,448566,S,D
09:30:35.250,600985,11.08,100,473141,B,A
09:30:35.380,600985,11.15,300,377681,S,D
09:30:35.630,600985,11.14,2100,444432,S,D
09:30:35.780,600985,11.09,1700,473914,S,A
09:30:35.940,600985,11.08,5000,474171,B,A
09:30:36.170,600985,11.13,100,428988,S,D
09:30:36.170,600985,11.09,100,474581,S,A
09:30:36.170,600985,11.13,100,428959,S,D
09:30:36.170,600985,11.13,100,428961,S,D
09:30:36.170,600985,11.09,100,474632,S,A
09:30:36.170,600985,11.13,100,428964,S,D
09:30:36.200,600985,11.13,100,428990,S,D
09:30:36.200,600985,11.13,100,429208,S,D
09:30:36.200,600985,11.13,100,429212,S,D
09:30:36.200,600985,11.13,100,429317,S,D
09:30:36.230,600985,11.13,200,429468,S,D
09:30:36.230,600985,11.13,100,429460,S,D
09:30:36.230,600985,11.13,100,429623,S,D
09:30:36.230,600985,11.13,100,429343,S,D
09:30:36.230,600985,11.13,100,429342,S,D
09:30:36.230,600985,11.13,100,429436,S,D
09:30:36.230,600985,11.13,300,430036,S,D
09:30:36.260,600985,11.09,100,475247,S,A
09:30:36.330,600985,11.13,200,429662,S,D
09:30:36.330,600985,11.13,100,429344,S,D
09:30:36.330,600985,11.13,100,429345,S,D
09:30:36.330,600985,11.09,700,475547,S,A
09:30:36.330,600985,11.13,100,429733,S,D
09:30:36.330,600985,11.09,100,475731,S,A
09:30:36.420,600985,11.13,100,429430,S,D
09:30:36.420,600985,11.13,200,429421,S,D
09:30:36.420,600985,11.13,200,429428,S,D
09:30:36.450,600985,11.08,48700,476298,S,A
09:30:36.450,600985,11.09,100,476492,S,A
09:30:36.630,600985,11.05,400,314854,B,D
09:30:36.910,600985,11.08,2000,478722,S,A
09:30:36.910,600985,11.59,2200,478733,S,A
09:30:37.370,600985,11.12,3500,433405,S,D
09:30:37.370,600985,11.12,900,433411,S,D
09:30:37.470,600985,11.06,6000,480441,B,A
09:30:37.840,600985,10.91,3000,481097,B,A
09:30:38.330,600985,11.11,1000,441715,S,D
09:30:39.150,600985,11.18,3200,67945,S,D
09:30:39.150,600985,11.08,100,483375,S,A
09:30:39.180,600985,11.08,100,483406,S,A
09:30:39.180,600985,11.08,100,483444,S,A
09:30:39.180,600985,11.08,100,483522,S,A
09:30:39.180,600985,11.08,100,483523,S,A
09:30:39.180,600985,11.08,100,483525,S,A
09:30:39.210,600985,11.08,100,483657,S,A
09:30:39.210,600985,11.08,100,483658,S,A
09:30:39.210,600985,11.08,100,483660,S,A
09:30:39.210,600985,11.08,100,483661,S,A
09:30:39.210,600985,11.08,100,483667,S,A
09:30:39.210,600985,11.08,100,483696,S,A
09:30:39.210,600985,11.08,100,483817,S,A
09:30:39.240,600985,11.08,200,483870,S,A
09:30:39.240,600985,11.08,100,483888,S,A
09:30:39.240,600985,11.08,100,483916,S,A
09:30:39.240,600985,11.08,200,483995,S,A
09:30:39.240,600985,11.11,200,437957,S,D
09:30:39.310,600985,11.08,300,484193,S,A
09:30:39.310,600985,11.09,100,484262,S,A
09:30:39.310,600985,11.08,200,484345,S,A
09:30:39.480,600985,11.08,100,485153,S,A
09:30:39.480,600985,11.08,200,485219,S,A
09:30:39.480,600985,11.08,100,485223,S,A
09:30:39.480,600985,11.08,200,485284,S,A
09:30:39.960,600985,11.11,3000,487184,S,A
09:30:40.340,600985,11.08,100,488397,S,A
09:30:40.790,600985,11.07,6000,489485,B,A
09:30:41.000,600985,11.04,2000,489899,B,A
09:30:41.040,600985,11.05,800,489945,B,A
09:30:41.130,600985,10.86,400,490084,B,A
09:30:41.310,600985,11.09,100,484262,S,D
09:30:41.310,600985,11.08,800,490406,S,A
09:30:41.650,600985,11.08,500,491019,S,A
09:30:41.650,600985,11.13,400,456068,S,D
09:30:41.770,600985,10.98,1000,491126,B,A
09:30:41.970,600985,11.13,100,491571,S,A
09:30:42.150,600985,11.12,100,437345,S,D
09:30:42.180,600985,11.12,100,437347,S,D
09:30:42.210,600985,11.12,200,440865,S,D
09:30:42.210,600985,11.12,100,440871,S,D
09:30:42.210,600985,11.12,300,440867,S,D
09:30:42.210,600985,11.12,100,438031,S,D
09:30:42.240,600985,11.12,100,437716,S,D
09:30:42.240,600985,11.12,100,437732,S,D
09:30:42.240,600985,11.12,100,437719,S,D
09:30:42.240,600985,11.12,100,437542,S,D
09:30:42.280,600985,11.12,100,438005,S,D
09:30:42.280,600985,11.12,100,438008,S,D
09:30:42.280,600985,11.12,100,437725,S,D
09:30:42.280,600985,11.12,100,437543,S,D
09:30:42.350,600985,11.12,100,438584,S,D
09:30:42.390,600985,11.12,100,437960,S,D
09:30:42.390,600985,11.0,1000,493190,B,A
09:30:43.060,600985,11.17,1900,336826,S,D
09:30:43.370,600985,11.13,1700,467822,S,D
09:30:43.690,600985,11.07,100,497475,B,A
09:30:44.230,600985,11.07,3400,498348,B,A
09:30:44.660,600985,11.0,200,498991,B,A
09:30:44.660,600985,11.08,35400,476298,S,D
09:30:44.810,600985,11.08,46000,499247,S,A
09:30:44.990,600985,11.06,1500,499522,B,A
09:30:45.170,600985,11.08,100,499882,S,A
09:30:45.170,600985,11.08,100,499940,S,A
09:30:45.170,600985,11.08,100,499949,S,A
09:30:45.200,600985,11.07,100,500019,B,A
09:30:45.200,600985,11.04,5000,500148,B,A
09:30:45.240,600985,11.08,100,500298,S,A
09:30:45.240,600985,11.08,200,500301,S,A
09:30:45.240,600985,11.08,300,500302,S,A
09:30:45.240,600985,11.08,100,500360,S,A
09:30:45.270,600985,11.08,100,500439,S,A
09:30:45.270,600985,11.08,100,500443,S,A
09:30:45.300,600985,11.08,100,500534,S,A
09:30:45.300,600985,11.08,100,500538,S,A
09:30:45.300,600985,11.07,500,500558,B,A
09:30:45.300,600985,11.08,100,500634,S,A
09:30:45.300,600985,11.08,100,500654,S,A
09:30:45.300,600985,11.08,100,500655,S,A
09:30:45.300,600985,11.08,100,500677,S,A
09:30:45.370,600985,11.08,100,500831,S,A
09:30:45.430,600985,11.11,100,439911,S,D
09:30:45.530,600985,11.09,100,476492,S,D
09:30:45.950,600985,11.76,500,503723,S,A
09:30:46.240,600985,11.07,1800,504405,B,A
09:30:46.330,600985,11.0,300,504581,B,A
09:30:46.810,600985,11.06,3000,505524,B,A
09:30:46.850,600985,11.05,2200,505543,B,A
09:30:47.340,600985,10.85,1000,147043,B,D
09:30:47.340,600985,11.0,200,506523,B,A
09:30:47.820,600985,11.28,500,172701,S,D
09:30:48.000,600985,11.08,4500,507495,S,A
09:30:48.280,600985,11.05,500,508328,B,A
09:30:48.420,600985,11.07,34000,509225,S,A
09:30:48.520,600985,11.07,600,509560,S,A
09:30:48.520,600985,11.04,600,509616,B,A
09:30:48.960,600985,11.07,2000,511663,S,A
09:30:49.180,600985,11.11,3500,442640,S,D
09:30:49.180,600985,11.07,100,512107,S,A
09:30:49.180,600985,11.11,1400,442647,S,D
09:30:49.180,600985,11.07,100,512120,S,A
09:30:49.180,600985,11.07,100,512151,S,A
09:30:49.250,600985,11.11,1600,442737,S,D
09:30:49.450,600985,11.08,100,512735,S,A
09:30:49.480,600985,11.11,1700,442614,S,D
09:30:49.480,600985,11.11,400,442613,S,D
09:30:49.480,600985,11.07,100,512836,S,A
09:30:49.480,600985,11.11,600,442612,S,D
09:30:49.510,600985,10.97,1000,512905,B,A
09:30:49.510,600985,11.07,100,512915,S,A
09:30:49.510,600985,11.07,100,512916,S,A
09:30:49.510,600985,11.11,700,442607,S,D
09:30:49.510,600985,11.07,100,512922,S,A
09:30:49.510,600985,11.11,100,442615,S,D
09:30:49.510,600985,11.07,100,512929,S,A
09:30:49.960,600985,11.07,100,513691,S,A
09:30:50.050,600985,11.0,2000,513850,B,A
09:30:50.050,600985,11.04,2000,513852,B,A
09:30:50.080,600985,11.07,600,513903,S,A
09:30:50.300,600985,11.06,1000,514294,B,A
09:30:50.330,600985,11.09,100,474632,S,D
09:30:50.400,600985,11.09,100,474581,S,D
09:30:50.690,600985,11.15,500,444021,S,D
09:30:50.810,600985,11.07,100,515097,S,A
09:30:50.810,600985,11.07,100,515098,S,A
09:30:50.810,600985,11.07,100,515099,S,A
09:30:51.000,600985,11.08,4500,507495,S,D
09:30:51.080,600985,11.07,1700,515522,S,A
09:30:51.110,600985,11.07,1200,515547,B,A
09:30:51.150,600985,11.15,100,412563,S,D
09:30:51.150,600985,11.07,25700,515631,B,A
09:30:51.150,600985,11.08,500,515655,B,A
09:30:51.180,600985,11.03,100,515711,B,A
09:30:51.510,600985,11.04,200,517210,B,A
09:30:51.640,600985,11.08,10000,517617,B,A
09:30:51.830,600985,11.07,100,518491,B,A
09:30:52.130,600985,11.01,7000,519288,B,A
09:30:52.130,600985,11.07,1000,519301,B,A
09:30:52.320,600985,11.07,1200,515547,B,D
09:30:52.410,600985,11.07,20000,519978,B,A
09:30:52.590,600985,10.98,2000,520278,B,A
09:30:53.210,600985,11.05,1500,521315,B,A
09:30:53.320,600985,11.11,3000,487184,S,D
09:30:53.660,600985,11.07,2000,521990,B,A
09:30:53.790,600985,12.24,500,522168,S,A
09:30:53.920,600985,11.0,1000,522373,B,A
09:30:53.960,600985,11.07,900,522391,B,A
09:30:54.150,600985,11.07,25700,515631,B,D
09:30:54.340,600985,11.13,100,491571,S,D
09:30:54.550,600985,11.15,28600,417762,S,D
09:30:54.850,600985,11.07,600,525392,B,A
09:30:55.010,600985,11.08,100,525825,B,A
09:30:55.450,600985,11.09,100,475731,S,D
09:30:55.450,600985,11.09,100,475247,S,D
09:30:55.480,600985,11.09,700,475547,S,D
09:30:55.750,600985,11.0,3100,527491,B,A
09:30:56.730,600985,11.08,3400,529114,B,A
09:30:57.070,600985,11.05,1000,529982,B,A
09:30:57.170,600985,11.0,5000,530525,B,A
09:30:57.340,600985,11.07,1000,531239,B,A
09:30:57.530,600985,11.07,1600,531745,B,A
09:30:57.630,600985,11.07,600,525392,B,D
09:30:57.790,600985,11.0,1200,532553,B,A
09:30:58.090,600985,10.91,2000,533387,B,A
09:30:58.120,600985,11.01,500,533436,B,A
09:30:59.230,600985,11.0,2000,535559,B,A
09:30:59.520,600985,11.09,100,536048,S,A
09:30:59.700,600985,11.06,6000,536346,B,A
09:30:59.920,600985,11.05,400,383395,B,D
09:31:00.350,600985,11.03,20000,538588,B,A
09:31:00.350,600985,11.04,500,538618,B,A
09:31:00.380,600985,11.07,2000,538889,B,A
09:31:00.420,600985,11.08,700,539071,B,A
09:31:00.450,600985,11.02,2000,539121,B,A
09:31:00.610,600985,11.08,3000,539829,B,A
09:31:00.700,600985,11.07,500,539983,B,A
09:31:01.060,600985,10.98,200,541250,B,A
09:31:01.250,600985,11.08,1000,541810,B,A
09:31:01.710,600985,11.09,100,543285,B,A
09:31:01.780,600985,11.08,2600,543633,B,A
09:31:02.310,600985,10.8,300,544969,B,A
09:31:02.440,600985,11.07,9400,545271,B,A
09:31:02.750,600985,11.1,15200,458502,S,D
09:31:02.960,600985,11.08,1000,546188,B,A
09:31:03.150,600985,11.07,6600,546602,B,A
09:31:03.180,600985,11.11,2000,546919,S,A
09:31:03.180,600985,11.01,600,546988,B,A
09:31:03.390,600985,11.08,500,548286,B,A
09:31:03.460,600985,11.06,2000,548581,B,A
09:31:03.860,600985,11.08,2500,550742,B,A
09:31:03.920,600985,11.11,2000,550921,S,A
09:31:03.920,600985,11.06,500,550936,B,A
09:31:03.950,600985,11.11,2000,551062,S,A
09:31:03.990,600985,10.99,200,551215,B,A
09:31:04.020,600985,11.07,200,551261,B,A
09:31:04.180,600985,11.5,200,551777,S,A
09:31:04.280,600985,11.08,1000,552185,B,A
09:31:04.310,600985,11.11,2000,552198,S,A
09:31:04.910,600985,11.09,300,553701,B,A
09:31:04.910,600985,11.02,1000,553733,B,A
09:31:05.000,600985,11.08,1000,553919,B,A
09:31:05.400,600985,11.07,1000,554744,B,A
09:31:05.780,600985,11.08,200,529114,B,D
09:31:06.110,600985,11.02,2000,556312,B,A
09:31:06.210,600985,11.1,100,556709,S,A
09:31:06.210,600985,11.1,100,556713,S,A
09:31:06.210,600985,11.11,1500,556747,S,A
09:31:06.210,600985,11.07,100,556769,B,A
09:31:06.590,600985,11.11,1000,558744,S,A
09:31:06.590,600985,11.0,400,558837,B,A
09:31:06.590,600985,11.07,2000,559017,B,A
09:31:06.730,600985,11.1,100,559604,S,A
09:31:06.770,600985,11.11,1000,559806,S,A
09:31:06.770,600985,11.11,1000,559847,S,A
09:31:06.770,600985,11.09,3000,559882,B,A
09:31:07.180,600985,11.09,100,560906,B,A
09:31:07.210,600985,11.11,4400,560999,S,A
09:31:07.250,600985,11.07,1000,531239,B,D
09:31:07.430,600985,10.99,2000,561515,B,A
09:31:07.560,600985,11.5,2100,561812,S,A
09:31:07.770,600985,11.11,2400,562229,S,A
09:31:08.030,600985,10.98,2000,562675,B,A
09:31:08.300,600985,11.08,7000,563171,B,A
09:31:08.430,600985,11.08,1500,563359,B,A
09:31:08.710,600985,11.01,2000,563765,B,A
09:31:08.860,600985,11.08,500,564088,B,A
09:31:08.920,600985,11.1,2000,564170,B,A
09:31:08.920,600985,11.0,700,564215,B,A
09:31:09.170,600985,11.11,2400,562229,S,D
09:31:09.200,600985,11.11,2000,546919,S,D
09:31:09.200,600985,11.11,1500,556747,S,D
09:31:09.230,600985,11.11,1300,437556,S,D
09:31:09.230,600985,11.11,1000,437557,S,D
09:31:09.340,600985,11.11,2000,552198,S,D
09:31:09.400,600985,11.12,1800,441908,S,D
09:31:09.400,600985,11.14,2800,410028,S,D
09:31:09.400,600985,11.14,1000,410043,S,D
09:31:09.470,600985,11.15,1200,390617,S,D
09:31:09.470,600985,11.15,2900,390620,S,D
09:31:09.640,600985,11.08,1000,567221,B,A
09:31:09.770,600985,11.08,2000,567955,B,A
09:31:09.770,600985,11.11,64900,567982,B,A
09:31:10.020,600985,11.49,2800,568555,S,A
09:31:10.180,600985,11.09,2000,568884,B,A
09:31:10.210,600985,11.08,100,569003,B,A
09:31:11.140,600985,11.02,5000,570831,B,A
09:31:11.350,600985,10.94,200,571207,B,A
09:31:11.680,600985,11.07,1000,571729,B,A
09:31:11.770,600985,11.08,500,571817,B,A
09:31:11.800,600985,11.0,4000,571873,B,A
09:31:11.990,600985,11.08,500,572222,B,A
09:31:12.130,600985,11.07,100,572467,B,A
09:31:12.160,600985,11.12,3500,572702,S,A
09:31:12.160,600985,11.12,100,572844,S,A
09:31:12.300,600985,11.12,100,573642,S,A
09:31:12.340,600985,11.12,100,573741,S,A
09:31:12.340,600985,11.12,100,573744,S,A
09:31:12.340,600985,11.09,1000,573757,B,A
09:31:12.340,600985,11.12,100,573932,S,A
09:31:12.370,600985,11.12,100,574021,S,A
09:31:12.570,600985,11.1,100,575112,B,A
09:31:12.610,600985,11.12,400,575209,S,A
09:31:12.610,600985,11.12,100,575338,S,A
09:31:12.870,600985,11.14,3200,576360,S,A
09:31:13.390,600985,11.05,2000,577833,B,A
09:31:13.750,600985,11.07,100,578695,B,A
09:31:13.810,600985,11.05,2000,578758,B,A
09:31:13.990,600985,12.24,1000,579107,S,A
09:31:14.490,600985,11.11,1300,579928,S,A
09:31:14.490,600985,11.11,1100,579929,S,A
09:31:14.520,600985,11.11,1400,579982,S,A
09:31:14.520,600985,11.11,1400,579983,S,A
09:31:14.550,600985,11.11,1300,579999,S,A
09:31:14.610,600985,11.11,1400,580039,S,A
09:31:14.670,600985,11.17,400,357889,S,D
09:31:14.700,600985,11.11,800,580238,S,A
09:31:14.700,600985,11.11,600,580239,S,A
09:31:14.790,600985,11.06,2000,580389,B,A
09:31:14.880,600985,11.07,1000,580457,B,A
09:31:15.190,600985,11.11,100,581260,S,A
09:31:15.190,600985,11.12,400,575209,S,D
09:31:15.190,600985,11.1,100,581390,S,A
09:31:15.190,600985,11.1,100,581400,S,A
09:31:15.220,600985,11.12,3500,572702,S,D
09:31:15.260,600985,11.1,100,581672,S,A
09:31:15.260,600985,11.12,100,573642,S,D
09:31:15.260,600985,11.1,100,581764,S,A
09:31:15.260,600985,11.12,100,573741,S,D
09:31:15.290,600985,11.1,100,581960,S,A
09:31:15.290,600985,10.98,500,582073,B,A
09:31:15.290,600985,11.1,100,582121,S,A
09:31:15.290,600985,11.1,100,582125,S,A
09:31:15.290,600985,11.1,100,582126,S,A
09:31:15.290,600985,11.1,100,582127,S,A
09:31:15.330,600985,11.1,100,582148,S,A
09:31:15.330,600985,11.12,100,573744,S,D
09:31:15.330,600985,11.1,100,582269,S,A
09:31:15.330,600985,11.1,100,582313,S,A
09:31:15.330,600985,11.1,100,582314,S,A
09:31:15.370,600985,11.1,100,582375,S,A
09:31:15.370,600985,11.1,100,582424,S,A
09:31:15.370,600985,11.1,100,582425,S,A
09:31:15.370,600985,11.1,100,582426,S,A
09:31:15.370,600985,11.11,200,582448,S,A
09:31:15.370,600985,11.12,100,573932,S,D
09:31:15.370,600985,11.1,100,582505,S,A
09:31:15.470,600985,11.12,100,575338,S,D
09:31:15.470,600985,11.14,1800,583004,S,A
09:31:15.540,600985,11.1,100,583272,S,A
09:31:15.540,600985,11.1,100,583363,S,A
09:31:15.540,600985,11.1,100,583368,S,A
09:31:15.580,600985,11.1,100,583427,S,A
09:31:15.580,600985,11.1,100,583442,S,A
09:31:15.580,600985,11.1,100,583443,S,A
09:31:15.580,600985,11.1,100,583444,S,A
09:31:15.580,600985,11.1,100,583445,S,A
09:31:15.580,600985,11.1,100,583482,S,A
09:31:15.610,600985,11.1,100,583689,S,A
09:31:15.610,600985,11.1,100,583690,S,A
09:31:15.610,600985,11.1,100,583691,S,A
09:31:15.610,600985,11.1,100,583692,S,A
09:31:15.610,600985,11.1,100,583693,S,A
09:31:15.610,600985,11.1,100,583694,S,A
09:31:15.610,600985,11.1,100,583695,S,A
09:31:15.610,600985,11.1,100,583696,S,A
09:31:15.610,600985,11.1,100,583697,S,A
09:31:15.610,600985,11.1,100,583698,S,A
09:31:15.610,600985,11.1,100,583699,S,A
09:31:15.610,600985,11.1,100,583796,S,A
09:31:15.610,600985,11.1,100,583797,S,A
09:31:15.610,600985,11.1,100,583798,S,A
09:31:15.610,600985,11.1,100,583799,S,A
09:31:15.610,600985,11.1,100,583800,S,A
09:31:15.610,600985,11.1,100,583801,S,A
09:31:15.610,600985,11.11,1300,583834,S,A
09:31:15.650,600985,11.1,100,584042,S,A
09:31:15.650,600985,11.1,100,584052,S,A
09:31:15.650,600985,11.1,100,584053,S,A
09:31:15.650,600985,11.1,100,584054,S,A
09:31:15.690,600985,11.11,100,584184,S,A
09:31:15.690,600985,11.1,100,584235,S,A
09:31:15.920,600985,11.08,1100,585017,B,A
09:31:15.950,600985,11.08,2000,585073,B,A
09:31:16.080,600985,11.05,500,585338,B,A
09:31:16.160,600985,11.54,1000,585525,S,A
09:31:16.190,600985,11.08,2500,550742,B,D
09:31:16.370,600985,11.06,1000,585981,B,A
09:31:16.460,600985,11.08,2000,586189,B,A
09:31:16.750,600985,11.07,6600,546602,B,D
09:31:16.870,600985,11.1,3600,587023,S,A
09:31:17.200,600985,11.05,200,587638,B,A
09:31:17.290,600985,11.01,700,587804,B,A
09:31:17.520,600985,11.05,400,588151,B,A
09:31:17.660,600985,11.08,1000,588256,B,A
09:31:17.850,600985,11.02,400,588584,B,A
09:31:18.080,600985,11.9,1500,97222,S,D
09:31:18.150,600985,11.1,1000,589340,S,A
09:31:18.250,600985,11.1,100,589406,S,A
09:31:18.250,600985,11.1,100,583695,S,D
09:31:18.250,600985,11.1,100,583689,S,D
09:31:18.250,600985,11.1,100,583697,S,D
09:31:18.250,600985,11.1,100,583694,S,D
09:31:18.250,600985,11.1,100,583698,S,D
09:31:18.250,600985,11.1,100,583691,S,D
09:31:18.250,600985,11.1,100,583699,S,D
09:31:18.250,600985,11.1,100,583693,S,D
09:31:18.250,600985,11.1,100,583692,S,D
09:31:18.250,600985,11.1,100,583690,S,D
09:31:18.250,600985,11.1,100,583696,S,D
09:31:18.280,600985,11.01,500,590052,B,A
09:31:18.330,600985,11.11,4400,590418,S,A
09:31:18.330,600985,11.09,100,590492,S,A
09:31:18.360,600985,11.09,200,590506,S,A
09:31:18.360,600985,11.09,100,590507,S,A
09:31:18.360,600985,11.09,100,590508,S,A
09:31:18.430,600985,11.09,100,590944,S,A
09:31:18.430,600985,11.09,100,590951,S,A
09:31:18.490,600985,11.09,200,591214,S,A
09:31:18.490,600985,11.09,100,591225,S,A
09:31:18.490,600985,11.09,100,591281,S,A
09:31:18.490,600985,11.09,100,591282,S,A
09:31:18.490,600985,11.09,100,591283,S,A
09:31:18.490,600985,11.09,100,591284,S,A
09:31:18.490,600985,11.09,100,591288,S,A
09:31:18.490,600985,11.1,100,591294,S,A
09:31:18.490,600985,11.09,100,591339,S,A
09:31:18.490,600985,11.09,100,591347,S,A
09:31:18.490,600985,11.09,100,591355,S,A
09:31:18.490,600985,11.09,100,591356,S,A
09:31:18.490,600985,11.09,100,591357,S,A
09:31:18.490,600985,11.09,200,591358,S,A
09:31:18.530,600985,11.09,100,591388,S,A
09:31:18.570,600985,11.09,100,591513,S,A
09:31:18.640,600985,11.09,100,591738,S,A
09:31:18.640,600985,11.1,100,583796,S,D
09:31:18.640,600985,11.09,100,591842,S,A
09:31:18.640,600985,11.1,100,583798,S,D
09:31:18.640,600985,11.1,100,583797,S,D
09:31:18.640,600985,11.1,100,583800,S,D
09:31:18.640,600985,11.09,200,591843,S,A
09:31:18.640,600985,11.09,100,591844,S,A
09:31:18.640,600985,11.1,100,583801,S,D
09:31:18.640,600985,11.1,100,583799,S,D
09:31:18.640,600985,11.09,100,591845,S,A
09:31:18.640,600985,11.09,100,591846,S,A
09:31:18.640,600985,11.09,100,591847,S,A
09:31:18.640,600985,11.77,10000,591889,S,A
09:31:18.640,600985,11.09,200,591990,S,A
09:31:19.150,600985,11.1,100,583482,S,D
09:31:19.150,600985,11.09,100,593232,S,A
09:31:19.180,600985,11.09,100,593303,S,A
09:31:19.180,600985,11.1,1000,593449,S,A
09:31:19.240,600985,11.09,100,593569,S,A
09:31:19.240,600985,11.09,100,593570,S,A
09:31:19.240,600985,11.09,100,593571,S,A
09:31:19.240,600985,11.09,100,593572,S,A
09:31:19.310,600985,11.1,100,593725,S,A
09:31:19.370,600985,11.1,500,593872,S,A
09:31:19.620,600985,11.06,100,594566,B,A
09:31:19.840,600985,11.14,2300,594945,S,A
09:31:19.940,600985,11.1,100,584053,S,D
09:31:19.940,600985,11.09,200,595189,S,A
09:31:19.960,600985,11.1,100,584052,S,D
09:31:19.960,600985,11.08,2300,595308,B,A
09:31:20.000,600985,11.16,4400,595371,S,A
09:31:20.030,600985,11.1,100,584054,S,D
09:31:20.030,600985,11.09,100,595448,S,A
09:31:20.030,600985,11.09,100,595449,S,A
09:31:20.400,600985,11.05,1000,596102,B,A
09:31:20.440,600985,11.09,100,590492,S,D
09:31:20.800,600985,11.0,200,596835,B,A
09:31:20.860,600985,11.09,2700,596925,B,A
09:31:20.920,600985,11.07,500,597014,B,A
09:31:21.040,600985,11.1,500,597181,S,A
09:31:21.070,600985,11.09,1700,597239,B,A
09:31:21.190,600985,11.1,600,597849,S,A
09:31:21.260,600985,11.35,1300,296790,S,D
09:31:21.330,600985,11.09,100,598568,S,A
09:31:21.330,600985,11.15,900,379212,S,D
09:31:21.330,600985,11.09,100,598613,S,A
09:31:21.330,600985,11.09,100,598643,S,A
09:31:21.370,600985,11.15,200,406371,S,D
09:31:21.370,600985,11.09,100,598721,S,A
09:31:21.370,600985,11.09,100,598726,S,A
09:31:21.370,600985,11.09,100,598727,S,A
09:31:21.370,600985,11.09,100,598729,S,A
09:31:21.370,600985,11.09,100,598730,S,A
09:31:21.370,600985,11.09,100,598748,S,A
09:31:21.370,600985,11.11,100,584184,S,D
09:31:21.370,600985,11.11,2000,598811,S,A
09:31:21.400,600985,11.09,100,598913,S,A
09:31:21.400,600985,11.09,100,598914,S,A
09:31:21.400,600985,11.09,200,598915,S,A
09:31:21.400,600985,11.09,100,598916,S,A
09:31:21.400,600985,11.09,100,598917,S,A
09:31:21.400,600985,11.09,100,598918,S,A
09:31:21.400,600985,11.09,100,598919,S,A
09:31:21.400,600985,11.09,100,598920,S,A
09:31:21.400,600985,11.09,100,598927,S,A
09:31:21.400,600985,11.09,100,598928,S,A
09:31:21.400,600985,11.0,100,598943,B,A
09:31:21.440,600985,11.09,100,599193,S,A
09:31:21.440,600985,11.09,300,599229,S,A
09:31:21.480,600985,11.1,600,599366,S,A
09:31:21.510,600985,11.11,2000,599474,S,A
09:31:21.580,600985,11.09,100,599652,S,A
09:31:21.580,600985,11.09,100,599749,S,A
09:31:21.580,600985,11.09,100,599750,S,A
09:31:21.580,600985,11.09,100,599817,S,A
09:31:21.580,600985,11.09,100,599818,S,A
09:31:21.580,600985,11.15,200,379716,S,D
09:31:21.580,600985,11.15,1400,379717,S,D
09:31:21.580,600985,11.09,100,599831,S,A
09:31:21.580,600985,11.15,900,379720,S,D
09:31:21.580,600985,11.15,300,380327,S,D
09:31:21.580,600985,11.09,100,599832,S,A
09:31:21.580,600985,11.09,100,599838,S,A
09:31:21.580,600985,11.09,100,599839,S,A
09:31:21.580,600985,11.09,100,599841,S,A
09:31:21.580,600985,11.09,100,599846,S,A
09:31:21.580,600985,11.09,100,599847,S,A
09:31:21.580,600985,11.09,100,599854,S,A
09:31:21.580,600985,11.09,200,599855,S,A
09:31:21.580,600985,11.09,100,599856,S,A
09:31:21.580,600985,11.09,100,599857,S,A
09:31:21.580,600985,11.09,100,599858,S,A
09:31:21.580,600985,11.15,500,379719,S,D
09:31:21.580,600985,11.09,100,599860,S,A
09:31:21.580,600985,11.09,100,599861,S,A
09:31:21.580,600985,11.09,100,599870,S,A
09:31:21.580,600985,11.09,100,599871,S,A
09:31:21.580,600985,11.09,100,599875,S,A
09:31:21.580,600985,11.09,100,599893,S,A
09:31:21.580,600985,11.09,100,599894,S,A
09:31:21.580,600985,11.09,100,599895,S,A
09:31:21.580,600985,11.09,100,599896,S,A
09:31:21.580,600985,11.09,100,599897,S,A
09:31:21.580,600985,11.09,100,599898,S,A
09:31:21.580,600985,11.09,100,599907,S,A
09:31:21.580,600985,11.09,100,599908,S,A
09:31:21.620,600985,11.09,100,600061,S,A
09:31:21.620,600985,11.09,100,600106,S,A
09:31:21.620,600985,11.09,100,600164,S,A
09:31:21.660,600985,11.09,100,600242,S,A
09:31:21.660,600985,11.09,100,600243,S,A
09:31:21.660,600985,11.09,100,600244,S,A
09:31:21.660,600985,11.09,100,600245,S,A
09:31:21.660,600985,11.09,100,600246,S,A
09:31:21.660,600985,11.09,100,600247,S,A
09:31:21.660,600985,11.15,300,377683,S,D
09:31:21.660,600985,11.15,1500,377682,S,D
09:31:21.660,600985,11.09,200,600254,S,A
09:31:21.660,600985,11.09,100,600255,S,A
09:31:21.730,600985,10.88,200,600527,B,A
09:31:21.730,600985,11.09,100,600576,S,A
09:31:22.780,600985,11.28,300,25527,S,D
09:31:22.950,600985,11.07,9400,545271,B,D
09:31:23.070,600985,10.9,500,603289,B,A
09:31:23.280,600985,10.98,1000,79009,B,D
09:31:23.700,600985,11.3,500,604390,S,A
09:31:23.760,600985,11.08,3200,604478,B,A
09:31:23.820,600985,11.11,700,604577,S,A
09:31:23.880,600985,11.09,100,604686,S,A
09:31:23.880,600985,11.09,100,604687,S,A
09:31:24.130,600985,11.11,4400,590418,S,D
09:31:24.170,600985,11.09,100,605237,S,A
09:31:24.170,600985,11.08,400,605403,B,A
09:31:24.170,600985,11.1,1000,589340,S,D
09:31:24.170,600985,11.1,600,597849,S,D
09:31:24.270,600985,11.05,500,605726,B,A
09:31:24.270,600985,11.11,100,581260,S,D
09:31:24.270,600985,11.1,100,589406,S,D
09:31:24.270,600985,11.09,2000,605887,S,A
09:31:24.410,600985,11.12,100,574021,S,D
09:31:24.410,600985,11.09,100,606522,S,A
09:31:24.550,600985,11.09,100,599861,S,D
09:31:24.550,600985,11.09,100,599858,S,D
09:31:24.550,600985,11.09,100,599897,S,D
09:31:24.550,600985,11.09,100,599896,S,D
09:31:24.550,600985,11.09,100,599895,S,D
09:31:24.550,600985,11.09,100,599856,S,D
09:31:24.550,600985,11.09,100,599857,S,D
09:31:24.550,600985,11.09,100,599898,S,D
09:31:24.550,600985,11.09,100,599908,S,D
09:31:24.550,600985,11.09,100,599841,S,D
09:31:24.550,600985,11.09,100,599847,S,D
09:31:24.550,600985,11.08,300,607197,S,A
09:31:24.550,600985,11.08,600,607198,S,A
09:31:24.550,600985,11.08,600,607204,S,A
09:31:24.550,600985,11.09,100,599839,S,D
09:31:24.550,600985,11.08,400,607214,S,A
09:31:24.550,600985,11.09,100,599871,S,D
09:31:24.550,600985,11.08,200,607223,S,A
09:31:24.550,600985,11.09,100,600106,S,D
09:31:24.550,600985,11.08,600,607266,S,A
09:31:24.670,600985,11.1,100,584235,S,D
09:31:24.670,600985,11.09,100,600576,S,D
09:31:24.670,600985,11.08,1500,607725,S,A
09:31:24.700,600985,11.09,100,600245,S,D
09:31:24.700,600985,11.08,300,607786,S,A
09:31:24.700,600985,11.09,100,600243,S,D
09:31:24.700,600985,11.09,100,600246,S,D
09:31:24.700,600985,11.09,100,600242,S,D
09:31:24.700,600985,11.08,200,607787,S,A
09:31:24.700,600985,11.09,100,600247,S,D
09:31:24.700,600985,11.08,300,607788,S,A
09:31:24.700,600985,11.09,100,600244,S,D
09:31:24.700,600985,11.08,200,607789,S,A
09:31:24.700,600985,11.08,1200,607790,S,A
09:31:24.700,600985,11.08,100,607791,S,A
09:31:24.700,600985,11.1,100,584042,S,D
09:31:24.800,600985,11.06,3000,505524,B,D
09:31:24.900,600985,11.09,300,608388,S,A
09:31:24.940,600985,11.1,1300,608420,S,A
09:31:25.030,600985,11.08,800,608654,S,A
09:31:25.030,600985,11.08,200,608704,S,A
09:31:25.030,600985,11.08,300,608705,S,A
09:31:25.030,600985,11.08,1000,608706,S,A
09:31:25.030,600985,11.08,200,608710,S,A
09:31:25.130,600985,11.09,100,609019,S,A
09:31:25.160,600985,11.12,100,572844,S,D
09:31:25.160,600985,11.1,1000,593449,S,D
09:31:25.160,600985,11.08,300,609076,S,A
09:31:25.160,600985,11.08,100,609103,S,A
09:31:25.230,600985,11.1,100,591294,S,D
09:31:25.260,600985,11.08,900,609452,S,A
09:31:25.400,600985,11.06,900,609707,B,A
09:31:25.780,600985,11.08,1200,610624,S,A
09:31:25.780,600985,11.08,1100,610625,S,A
09:31:25.810,600985,11.08,800,610658,S,A
09:31:25.980,600985,11.09,400,610959,S,A
09:31:25.980,600985,11.1,500,593872,S,D
09:31:25.980,600985,11.11,1400,580039,S,D
09:31:25.980,600985,11.11,1300,579999,S,D
09:31:26.100,600985,11.08,2400,611124,S,A
09:31:26.290,600985,11.1,300,611447,S,A
09:31:26.470,600985,11.11,900,611774,S,A
09:31:26.560,600985,11.06,3700,611886,B,A
09:31:26.710,600985,11.11,2100,612083,S,A
09:31:26.930,600985,10.95,2000,612389,B,A
09:31:26.930,600985,11.11,1300,583834,S,D
09:31:27.160,600985,11.06,1000,612745,B,A
09:31:27.190,600985,11.19,8500,613066,S,A
09:31:27.230,600985,11.19,5000,613215,S,A
09:31:27.260,600985,11.08,100,613425,S,A
09:31:27.300,600985,11.08,100,613527,S,A
09:31:27.340,600985,11.09,2000,605887,S,D
09:31:27.340,600985,11.09,400,613719,S,A
09:31:27.370,600985,11.08,200,613884,S,A
09:31:27.370,600985,11.08,200,613952,S,A
09:31:27.370,600985,11.08,300,613962,S,A
09:31:27.480,600985,11.08,100,614362,S,A
09:31:27.580,600985,11.11,1400,579982,S,D
09:31:27.670,600985,11.09,100,600164,S,D
09:31:27.670,600985,11.09,200,600254,S,D
09:31:27.670,600985,11.09,100,600255,S,D
09:31:27.710,600985,11.09,100,599893,S,D
09:31:27.710,600985,11.09,100,599894,S,D
09:31:27.710,600985,11.09,100,599870,S,D
09:31:27.710,600985,11.07,100,615291,S,A
09:31:27.710,600985,11.07,300,615292,S,A
09:31:27.710,600985,11.09,100,599860,S,D
09:31:27.710,600985,11.09,200,599855,S,D
09:31:27.710,600985,11.07,1000,615295,S,A
09:31:27.710,600985,11.09,100,599854,S,D
09:31:27.710,600985,11.07,2700,615302,S,A
09:31:27.710,600985,11.07,400,615304,S,A
09:31:27.710,600985,11.07,600,615306,S,A
09:31:27.710,600985,11.07,500,615335,S,A
09:31:27.710,600985,11.09,100,600061,S,D
09:31:27.710,600985,11.09,100,599907,S,D
09:31:27.710,600985,11.07,1100,615342,S,A
09:31:27.710,600985,11.07,700,615351,S,A
09:31:27.710,600985,11.09,100,599846,S,D
09:31:27.710,600985,11.07,400,615362,S,A
09:31:27.710,600985,11.07,100,615384,S,A
09:31:27.710,600985,11.07,100,615385,S,A
09:31:27.710,600985,11.07,600,615398,S,A
09:31:27.740,600985,11.09,100,599875,S,D
09:31:27.740,600985,11.07,800,615449,S,A
09:31:27.780,600985,11.07,1300,615527,S,A
09:31:27.780,600985,11.08,100,615548,S,A
09:31:27.780,600985,11.07,1000,615606,S,A
09:31:27.810,600985,11.07,500,615662,S,A
09:31:27.810,600985,11.07,1200,615673,S,A
09:31:27.810,600985,11.07,300,615675,S,A
09:31:27.810,600985,11.07,300,615681,S,A
09:31:27.810,600985,11.07,200,615682,S,A
09:31:27.810,600985,11.07,600,615684,S,A
09:31:27.810,600985,11.07,700,615783,S,A
09:31:27.840,600985,11.08,100,615902,S,A
09:31:27.840,600985,11.07,1800,615932,S,A
09:31:27.870,600985,11.07,1100,616020,S,A
09:31:27.970,600985,11.1,600,599366,S,D
09:31:28.030,600985,11.11,1400,579983,S,D
09:31:28.170,600985,11.07,1300,616817,S,A
09:31:28.210,600985,10.9,3700,616865,B,A
09:31:28.210,600985,11.07,1000,616927,S,A
09:31:28.430,600985,11.07,1200,617387,S,A
09:31:28.490,600985,11.1,100,593725,S,D
09:31:28.490,600985,11.08,200,617497,S,A
09:31:28.550,600985,11.07,1400,617636,S,A
09:31:28.610,600985,11.08,1400,617783,S,A
09:31:28.670,600985,11.11,2000,598811,S,D
09:31:29.010,600985,11.08,200,618393,S,A
09:31:29.010,600985,11.15,600,386302,S,D
09:31:29.010,600985,11.15,3100,386304,S,D
09:31:29.010,600985,11.15,1100,386301,S,D
09:31:29.010,600985,11.15,1600,386303,S,D
09:31:29.010,600985,11.15,1700,386305,S,D
09:31:29.010,600985,11.09,100,618420,S,A
09:31:29.010,600985,11.09,200,618422,S,A
09:31:29.010,600985,11.09,400,618423,S,A
09:31:29.010,600985,11.09,200,618425,S,A
09:31:29.010,600985,11.09,100,618426,S,A
09:31:29.300,600985,11.07,1300,619001,S,A
09:31:29.370,600985,11.07,1300,619104,S,A
09:31:29.430,600985,11.08,200,619202,S,A
09:31:29.730,600985,11.08,2600,619633,S,A
09:31:29.730,600985,11.07,1400,619657,S,A
09:31:29.880,600985,11.11,1300,579928,S,D
09:31:29.880,600985,11.11,1100,579929,S,D
09:31:30.120,600985,11.3,1900,620187,S,A
09:31:30.150,600985,11.07,100,620245,S,A
09:31:30.180,600985,11.05,600,620408,B,A
09:31:30.180,600985,11.07,100,620483,S,A
09:31:30.180,600985,11.07,100,620504,S,A
09:31:30.180,600985,11.09,1300,620582,S,A
09:31:30.220,600985,11.07,100,620637,S,A
09:31:30.220,600985,11.07,200,620663,S,A
09:31:30.220,600985,11.07,300,620671,S,A
09:31:30.260,600985,11.07,100,620754,S,A
09:31:30.260,600985,11.07,100,620777,S,A
09:31:30.260,600985,11.07,100,620782,S,A
09:31:30.260,600985,11.07,100,620785,S,A
09:31:30.260,600985,11.07,100,620788,S,A
09:31:30.320,600985,11.07,100,620895,S,A
09:31:30.320,600985,11.07,100,620897,S,A
09:31:30.320,600985,11.07,200,621017,S,A
09:31:30.320,600985,11.11,800,580238,S,D
09:31:30.320,600985,11.11,600,580239,S,D
09:31:30.350,600985,11.07,100,621364,S,A
09:31:30.350,600985,11.07,100,621392,S,A
09:31:30.430,600985,11.08,200,613884,S,D
09:31:30.430,600985,11.09,300,608388,S,D
09:31:30.460,600985,11.07,200,621797,S,A
09:31:30.590,600985,11.09,100,604687,S,D
09:31:30.850,600985,11.03,2000,623325,B,A
09:31:30.980,600985,11.22,5100,623565,S,A
09:31:31.040,600985,11.98,800,623739,S,A
09:31:31.370,600985,11.05,300,624453,B,A
09:31:31.590,600985,11.0,1700,624850,B,A
09:31:31.590,600985,11.66,9800,624863,S,A
09:31:32.060,600985,11.0,1000,76180,B,D
09:31:32.120,600985,11.5,400,625927,S,A
09:31:32.410,600985,11.07,2600,626393,S,A
09:31:32.480,600985,11.1,300,611447,S,D
09:31:32.480,600985,11.07,500,626490,S,A
09:31:32.480,600985,11.09,400,610959,S,D
09:31:32.600,600985,11.06,5000,626683,B,A
09:31:32.630,600985,11.07,200,626713,S,A
09:31:32.630,600985,11.07,100,626714,S,A
09:31:32.790,600985,11.09,300,626907,S,A
09:31:33.210,600985,11.05,2000,627927,B,A
09:31:33.250,600985,11.07,100,628025,S,A
09:31:33.280,600985,11.07,200,628234,S,A
09:31:33.280,600985,11.07,100,628238,S,A
09:31:33.280,600985,11.07,100,628277,S,A
09:31:33.380,600985,11.07,3600,628756,S,A
09:31:33.450,600985,11.09,1300,629100,S,A
09:31:33.550,600985,11.35,3000,629449,S,A
09:31:33.960,600985,11.09,400,618423,S,D
09:31:33.960,600985,11.07,2200,630620,S,A
09:31:33.960,600985,11.07,900,630621,S,A
09:31:33.960,600985,11.07,400,630622,S,A
09:31:34.000,600985,11.09,200,618422,S,D
09:31:34.000,600985,11.09,100,618426,S,D
09:31:34.000,600985,11.09,200,618425,S,D
09:31:34.000,600985,11.09,100,618420,S,D
09:31:34.000,600985,11.07,3300,630628,S,A
09:31:34.000,600985,11.07,100,630629,S,A
09:31:34.080,600985,11.06,200,630937,B,A
09:31:34.900,600985,11.06,900,632741,B,A
09:31:34.930,600985,11.06,1500,632824,B,A
09:31:35.020,600985,11.07,1500,632962,S,A
09:31:35.120,600985,11.04,3000,633072,B,A
09:31:35.250,600985,11.32,7600,633326,S,A
09:31:35.340,600985,11.01,300,633429,B,A
09:31:35.550,600985,11.0,2100,633790,B,A
09:31:35.960,600985,11.07,900,630621,S,D
09:31:35.960,600985,11.07,400,630622,S,D
09:31:35.960,600985,11.07,2200,630620,S,D
09:31:35.960,600985,11.07,100,630629,S,D
09:31:35.960,600985,11.07,3300,630628,S,D
09:31:35.960,600985,11.04,900,634446,B,A
09:31:36.180,600985,11.42,4200,634942,S,A
09:31:36.180,600985,11.07,100,634968,S,A
09:31:36.220,600985,11.07,100,635064,S,A
09:31:36.260,600985,11.07,100,635243,S,A
09:31:36.290,600985,11.0,200,635549,B,A
09:31:36.330,600985,11.07,100,635662,S,A
09:31:36.330,600985,11.07,100,635764,S,A
09:31:36.360,600985,11.07,100,635865,S,A
09:31:36.460,600985,11.1,3600,587023,S,D
09:31:36.530,600985,11.07,100,636462,S,A
09:31:37.130,600985,11.52,100,153249,S,D
09:31:37.130,600985,11.22,1500,142291,S,D
09:31:37.230,600985,11.52,300,136631,S,D
09:31:37.230,600985,11.11,9400,638324,S,A
09:31:37.320,600985,10.98,3000,638409,B,A
09:31:37.480,600985,11.0,2000,513850,B,D
09:31:37.510,600985,10.84,100,638795,B,A
09:31:37.510,600985,11.28,100,638796,S,A
09:31:37.570,600985,11.14,1500,638953,S,A
09:31:37.570,600985,10.98,1500,638954,B,A
09:31:37.750,600985,10.84,300,639292,B,A
09:31:37.750,600985,11.28,300,639293,S,A
09:31:37.750,600985,11.11,1100,639318,S,A
09:31:37.900,600985,11.05,1500,639602,B,A
09:31:37.900,600985,11.07,1900,639621,S,A
09:31:37.960,600985,11.11,1900,639685,S,A
09:31:38.120,600985,11.06,2200,639912,B,A
09:31:38.170,600985,11.01,1000,640049,B,A
09:31:38.360,600985,11.03,500,640341,B,A
09:31:38.490,600985,11.0,200,640622,B,A
09:31:38.550,600985,11.11,400,640733,S,A
09:31:38.610,600985,11.07,8100,640831,B,A
09:31:39.190,600985,11.07,500,641827,B,A
09:31:39.390,600985,11.08,100,642643,S,A
09:31:39.500,600985,11.08,100,643287,S,A
09:31:39.530,600985,11.07,20000,643346,B,A
09:31:39.780,600985,11.07,5000,644170,B,A
09:31:40.050,600985,11.07,500,644767,B,A
09:31:40.150,600985,11.18,300,644965,S,A
09:31:40.150,600985,11.02,9000,644976,B,A
09:31:40.310,600985,11.6,2000,645362,S,A
09:31:40.500,600985,11.0,1000,645886,B,A
09:31:40.990,600985,11.06,1700,646698,B,A
09:31:41.120,600985,10.97,500,646933,B,A
09:31:41.260,600985,11.08,4400,647148,S,A
09:31:41.260,600985,11.06,2000,647161,B,A
09:31:41.500,600985,11.06,1000,647621,B,A
09:31:41.680,600985,10.98,400,647871,B,A
09:31:41.770,600985,11.07,1000,647987,B,A
09:31:42.160,600985,11.08,100,648667,S,A
09:31:42.160,600985,11.07,10000,648712,B,A
09:31:42.160,600985,11.07,1500,648803,B,A
09:31:42.220,600985,12.07,1400,648933,S,A
09:31:42.220,600985,11.08,100,649066,S,A
09:31:42.260,600985,11.08,100,649209,S,A
09:31:42.260,600985,11.08,100,649286,S,A
09:31:42.430,600985,11.08,100,649930,S,A
09:31:42.470,600985,11.08,100,650186,S,A
09:31:43.070,600985,11.16,2000,457476,S,D
09:31:43.070,600985,11.06,1000,651993,B,A
09:31:43.140,600985,11.07,2000,652116,B,A
09:31:43.160,600985,11.02,1000,652161,B,A
09:31:43.220,600985,11.04,1500,652298,B,A
09:31:43.470,600985,11.05,10000,652880,B,A
09:31:43.470,600985,11.05,3000,652898,B,A
09:31:43.570,600985,11.07,34100,653025,B,A
09:31:43.690,600985,11.07,100,653386,B,A
09:31:43.940,600985,11.07,3000,653828,B,A
09:31:44.000,600985,11.07,2600,653895,B,A
09:31:44.000,600985,11.05,5000,653918,B,A
09:31:44.170,600985,11.05,800,654183,B,A
09:31:44.230,600985,11.07,500,654281,B,A
09:31:44.360,600985,10.98,300,654428,B,A
09:31:44.390,600985,11.07,9400,654480,B,A
09:31:45.030,600985,11.08,600,655428,S,A
09:31:45.090,600985,11.06,400,655534,B,A
09:31:45.180,600985,11.08,100,655868,S,A
09:31:45.180,600985,11.08,100,655871,S,A
09:31:45.250,600985,11.08,500,656363,S,A
09:31:45.250,600985,11.08,100,656408,S,A
09:31:45.320,600985,11.07,1000,656527,B,A
09:31:45.440,600985,11.02,12300,656921,B,A
09:31:45.520,600985,11.08,100,657374,S,A
09:31:45.580,600985,11.03,2100,657607,B,A
09:31:46.000,600985,11.06,1000,659332,B,A
09:31:46.290,600985,11.07,10000,659914,B,A
09:31:46.350,600985,11.06,200,660023,B,A
09:31:46.480,600985,11.07,2500,660462,B,A
09:31:46.600,600985,11.11,2000,599474,S,D
09:31:46.760,600985,11.07,100,660954,B,A
09:31:46.990,600985,11.07,500,661311,B,A
09:31:47.230,600985,11.07,5000,661633,B,A
09:31:47.300,600985,11.06,500,661733,B,A
09:31:47.630,600985,11.06,300,662267,B,A
09:31:47.630,600985,11.04,500,662279,B,A
09:31:47.870,600985,11.15,1800,662603,S,A
09:31:47.870,600985,11.86,34500,662628,S,A
09:31:47.980,600985,11.08,41900,662784,B,A
09:31:47.980,600985,10.98,900,165020,B,D
09:31:48.100,600985,11.07,500,644767,B,D
09:31:48.130,600985,11.07,100,663119,B,A
09:31:48.360,600985,10.02,1000,663990,B,A
09:31:48.590,600985,11.06,2200,665161,B,A
09:31:48.740,600985,11.06,7300,665785,B,A
09:31:48.870,600985,10.74,200,666079,B,A
09:31:48.870,600985,11.03,1500,666104,B,A
09:31:48.870,600985,10.95,2100,666158,B,A
09:31:49.100,600985,10.9,1500,666698,B,A
09:31:49.100,600985,11.08,1000,666716,B,A
09:31:49.130,600985,11.07,9400,654480,B,D
09:31:49.310,600985,11.0,1000,667181,B,A
09:31:49.370,600985,11.08,200,667373,B,A
09:31:49.430,600985,11.07,1200,667496,B,A
09:31:49.670,600985,11.03,3500,115640,B,D
09:31:49.760,600985,12.21,2000,668082,S,A
09:31:49.880,600985,11.05,3000,668205,B,A
09:31:50.050,600985,11.0,1000,70610,B,D
09:31:50.090,600985,11.05,400,588151,B,D
09:31:50.410,600985,11.08,2000,669155,B,A
09:31:50.630,600985,11.02,1000,669453,B,A
09:31:51.250,600985,11.0,1000,670676,B,A
09:31:51.250,600985,11.04,1200,670710,B,A
09:31:51.320,600985,11.08,1200,670946,B,A
09:31:51.350,600985,11.58,1200,671043,S,A
09:31:51.450,600985,11.03,3000,671387,B,A
09:31:51.490,600985,11.09,100,671456,S,A
09:31:51.590,600985,11.08,500,671919,B,A
09:31:51.790,600985,10.85,1000,672830,B,A
09:31:51.790,600985,11.09,2300,672869,S,A
09:31:51.790,600985,11.07,1000,672927,B,A
09:31:51.920,600985,11.07,300,673140,B,A
09:31:51.980,600985,11.1,2300,673310,S,A
09:31:52.010,600985,11.09,1700,673388,S,A
09:31:52.040,600985,11.06,300,662267,B,D
09:31:52.040,600985,11.05,100,673486,B,A
09:31:52.370,600985,11.07,500,674030,B,A
09:31:52.670,600985,11.06,4000,674644,B,A
09:31:52.710,600985,11.3,1700,17169,S,D
09:31:53.290,600985,11.06,1600,675532,B,A
09:31:53.590,600985,10.98,500,675932,B,A
09:31:53.710,600985,11.01,500,676138,B,A
09:31:53.800,600985,11.11,500,676289,S,A
09:31:54.040,600985,11.05,5000,676593,B,A
09:31:54.070,600985,11.01,10000,175917,B,D
09:31:54.130,600985,10.98,600,148140,B,D
09:31:54.390,600985,11.1,1000,677779,S,A
09:31:54.580,600985,11.09,4200,678513,B,A
09:31:54.720,600985,11.11,400,640733,S,D
09:31:55.200,600985,11.12,3000,680287,S,A
09:31:55.290,600985,11.09,2600,680477,S,A
09:31:55.380,600985,11.0,1000,522373,B,D
09:31:55.670,600985,11.07,3000,681225,B,A
09:31:55.760,600985,11.19,2000,681336,S,A
09:31:56.400,600985,11.23,1200,261353,S,D
09:31:56.400,600985,11.09,2800,682333,S,A
09:31:56.430,600985,11.06,5000,682346,B,A
09:31:56.560,600985,11.09,2100,682591,S,A
09:31:56.590,600985,11.09,400,682637,S,A
09:31:56.830,600985,11.08,100,682974,B,A
09:31:56.830,600985,11.01,1000,683000,B,A
09:31:57.220,600985,11.19,5000,683906,S,A
09:31:57.340,600985,11.09,200,684418,S,A
09:31:57.340,600985,11.08,800,684420,S,A
09:31:57.380,600985,11.09,100,684530,S,A
09:31:57.450,600985,11.08,100,684743,S,A
09:31:57.450,600985,11.08,9100,684805,B,A
09:31:57.520,600985,11.03,10000,684975,B,A
09:31:57.660,600985,11.09,1800,685810,B,A
09:31:57.840,600985,11.09,200,686165,B,A
09:31:58.050,600985,11.09,1200,686627,S,A
09:31:58.370,600985,11.01,1000,687285,B,A
09:31:58.400,600985,11.09,2000,687410,S,A
09:31:58.400,600985,11.09,1800,687411,S,A
09:31:58.400,600985,11.09,1700,687412,S,A
09:31:58.400,600985,11.07,100,653386,B,D
09:31:58.440,600985,11.09,800,687498,S,A
09:31:58.600,600985,11.07,500,687818,B,A
09:31:58.790,600985,11.07,700,688177,B,A
09:31:58.880,600985,11.07,2000,688253,B,A
09:31:58.900,600985,11.88,2000,688334,S,A
09:31:59.190,600985,11.09,2400,688680,S,A
09:31:59.510,600985,11.07,500,689189,B,A
09:31:59.760,600985,11.11,700,604577,S,D
09:31:59.900,600985,11.0,400,689851,B,A
09:32:00.210,600985,11.01,1600,690515,B,A
09:32:00.370,600985,11.09,1000,691188,S,A
09:32:00.370,600985,11.09,1000,691191,S,A
09:32:00.440,600985,11.08,100,691559,B,A
09:32:00.690,600985,11.08,300,692772,S,A
09:32:01.180,600985,11.07,3000,694083,B,A
09:32:01.210,600985,11.08,3200,694129,B,A
09:32:01.240,600985,11.09,1300,694158,S,A
09:32:01.270,600985,11.05,1000,694234,B,A
09:32:01.750,600985,11.09,100,695043,S,A
09:32:01.780,600985,11.07,200,695087,B,A
09:32:01.890,600985,11.1,2300,673310,S,D
09:32:02.010,600985,11.08,600,695475,B,A
09:32:02.110,600985,10.96,7500,695593,B,A
09:32:02.360,600985,11.04,1000,696052,B,A
09:32:02.670,600985,11.08,100,696498,B,A
09:32:02.810,600985,11.01,1000,696756,B,A
09:32:02.840,600985,11.09,700,696809,S,A
09:32:02.900,600985,11.46,5000,32014,S,D
09:32:03.170,600985,11.09,1000,697384,S,A
09:32:03.170,600985,11.09,100,697502,S,A
09:32:03.240,600985,11.28,2000,109789,S,D
09:32:03.310,600985,11.09,100,698165,S,A
09:32:03.380,600985,11.09,200,698549,S,A
09:32:03.420,600985,11.09,100,698601,S,A
09:32:03.420,600985,11.09,100,698602,S,A
09:32:03.450,600985,11.07,500,654281,B,D
09:32:03.700,600985,11.09,100,699929,S,A
09:32:03.830,600985,10.78,600,700220,B,A
09:32:03.860,600985,11.08,6500,700443,B,A
09:32:03.970,600985,11.08,200,700757,B,A
09:32:04.420,600985,11.08,500,701793,S,A
09:32:04.490,600985,11.07,5000,701864,B,A
09:32:04.490,600985,11.08,1700,701885,S,A
09:32:04.550,600985,11.09,1000,697384,S,D
09:32:05.260,600985,11.05,2000,577833,B,D
09:32:05.320,600985,10.95,1000,703261,B,A
09:32:05.350,600985,11.08,2400,703330,B,A
09:32:05.380,600985,11.08,2000,703372,B,A
09:32:05.740,600985,11.05,10000,703945,B,A
09:32:05.780,600985,11.07,500,674030,B,D
09:32:05.810,600985,11.13,2400,704046,S,A
09:32:05.840,600985,10.95,1900,704070,B,A
09:32:06.180,600985,11.09,100,704712,S,A
09:32:06.310,600985,10.8,1000,705251,B,A
09:32:06.630,600985,11.01,500,533436,B,D
09:32:06.660,600985,11.9,300,706878,S,A
09:32:06.890,600985,11.08,1000,707639,B,A
09:32:06.990,600985,10.9,1000,707981,B,A
09:32:07.020,600985,11.04,1000,708045,B,A
09:32:07.380,600985,11.02,1500,38914,B,D
09:32:07.530,600985,11.0,3000,709052,B,A
09:32:07.880,600985,11.0,700,709530,B,A
09:32:07.960,600985,11.09,1000,709644,S,A
09:32:08.450,600985,11.0,2000,710502,B,A
09:32:08.480,600985,11.08,1600,710572,B,A
09:32:08.700,600985,11.08,100,710864,B,A
09:32:08.730,600985,11.1,1800,710886,S,A
09:32:09.100,600985,11.08,2400,711462,B,A
09:32:09.130,600985,11.09,200,711583,S,A
09:32:09.160,600985,11.09,400,711707,S,A
09:32:09.180,600985,11.09,100,711856,S,A
09:32:09.220,600985,11.09,2300,711980,S,A
09:32:09.220,600985,11.09,2500,711982,S,A
09:32:09.220,600985,11.09,2400,711983,S,A
09:32:09.220,600985,11.09,2400,712008,S,A
09:32:09.220,600985,11.09,2400,712061,S,A
09:32:09.220,600985,11.09,2500,712062,S,A
09:32:09.260,600985,11.09,3100,712194,S,A
09:32:09.260,600985,11.09,2500,712197,S,A
09:32:09.290,600985,11.08,900,712313,B,A
09:32:09.420,600985,11.08,600,712809,S,A
09:32:09.420,600985,11.08,400,712810,S,A
09:32:09.420,600985,11.09,200,712970,S,A
09:32:09.420,600985,11.08,1600,712979,S,A
09:32:09.420,600985,11.08,600,712980,S,A
09:32:09.420,600985,11.08,1100,713003,S,A
09:32:09.460,600985,11.0,1500,713129,B,A
09:32:09.580,600985,11.08,100,713530,S,A
09:32:09.580,600985,11.08,100,713531,S,A
09:32:09.610,600985,11.08,100,713731,S,A
09:32:09.610,600985,11.09,100,713734,S,A
09:32:09.640,600985,11.08,1000,713849,S,A
09:32:09.680,600985,11.08,100,713908,S,A
09:32:09.710,600985,11.1,100,714030,S,A
09:32:09.770,600985,11.06,3100,714202,B,A
09:32:09.870,600985,11.08,2000,714430,S,A
09:32:10.060,600985,11.08,100,714899,S,A
09:32:10.170,600985,11.08,1000,715285,S,A
09:32:10.710,600985,11.0,900,716272,B,A
09:32:11.110,600985,11.08,100,716988,S,A
09:32:11.270,600985,11.0,200,717274,B,A
09:32:11.300,600985,11.08,1200,717359,S,A
09:32:11.330,600985,11.07,100,717412,B,A
09:32:11.610,600985,11.0,700,717885,B,A
09:32:11.760,600985,11.08,6900,718113,B,A
09:32:11.830,600985,11.09,2600,718185,S,A
09:32:11.830,600985,11.09,5200,718189,S,A
09:32:12.040,600985,10.58,1000,718478,B,A
09:32:12.130,600985,11.08,2300,718789,S,A
09:32:12.130,600985,11.09,2900,718793,S,A
09:32:12.160,600985,11.09,1300,718807,S,A
09:32:12.190,600985,11.08,1300,719057,S,A
09:32:12.190,600985,11.08,2600,719072,S,A
09:32:12.290,600985,11.08,500,719350,S,A
09:32:12.290,600985,11.08,100,719380,S,A
09:32:12.290,600985,11.08,100,719449,S,A
09:32:12.450,600985,11.08,3000,719684,S,A
09:32:12.450,600985,11.08,100,719719,S,A
09:32:12.450,600985,11.08,1200,719997,S,A
09:32:12.450,600985,11.08,1200,720008,S,A
09:32:12.450,600985,11.08,200,720009,S,A
09:32:12.480,600985,11.08,1300,720043,S,A
09:32:12.480,600985,11.08,1200,720044,S,A
09:32:12.480,600985,11.08,1900,720045,S,A
09:32:12.520,600985,11.08,600,720133,S,A
09:32:12.620,600985,11.08,200,720241,S,A
09:32:12.650,600985,11.08,2100,720512,S,A
09:32:12.650,600985,11.08,800,720546,S,A
09:32:12.680,600985,11.08,800,720731,S,A
09:32:12.870,600985,11.01,500,721445,B,A
09:32:12.940,600985,11.07,1000,721618,B,A
09:32:13.260,600985,11.08,4900,722255,S,A
09:32:13.290,600985,11.09,3700,722444,S,A
09:32:13.360,600985,11.08,100,722585,S,A
09:32:13.520,600985,11.06,1000,722776,B,A
09:32:13.610,600985,11.08,4200,722878,S,A
09:32:13.610,600985,11.38,1000,722979,S,A
09:32:13.670,600985,11.06,1000,723125,B,A
09:32:13.730,600985,11.07,100,723161,B,A
09:32:13.820,600985,11.1,2700,723304,S,A
09:32:13.850,600985,11.07,900,723333,B,A
09:32:14.090,600985,11.08,900,723638,S,A
09:32:14.300,600985,11.08,1500,724104,S,A
09:32:14.420,600985,11.08,4500,724377,S,A
09:32:14.450,600985,11.07,100,663119,B,D
09:32:14.560,600985,11.08,4500,724560,S,A
09:32:14.580,600985,11.06,1500,724581,B,A
09:32:14.640,600985,11.07,100,724668,B,A
09:32:14.670,600985,11.26,5000,724754,S,A
09:32:15.110,600985,11.09,2900,718793,S,D
09:32:15.110,600985,11.08,1300,725431,S,A
09:32:15.180,600985,11.09,500,725614,S,A
09:32:15.180,600985,11.09,100,711856,S,D
09:32:15.180,600985,11.09,2400,712008,S,D
09:32:15.180,600985,11.09,2500,711982,S,D
09:32:15.180,600985,11.09,2300,711980,S,D
09:32:15.180,600985,11.09,2400,711983,S,D
09:32:15.180,600985,11.09,2500,712062,S,D
09:32:15.180,600985,11.09,2400,712061,S,D
09:32:15.180,600985,11.09,3100,712194,S,D
09:32:15.180,600985,11.09,2500,712197,S,D
09:32:15.180,600985,11.09,200,711583,S,D
09:32:15.180,600985,11.08,200,725684,S,A
09:32:15.180,600985,11.09,400,711707,S,D
09:32:15.180,600985,11.08,400,725686,S,A
09:32:15.180,600985,11.08,200,725730,S,A
09:32:15.180,600985,11.09,1300,718807,S,D
09:32:15.180,600985,11.08,2900,725829,S,A
09:32:15.210,600985,11.09,2600,718185,S,D
09:32:15.210,600985,11.09,5200,718189,S,D
09:32:15.340,600985,11.09,100,698601,S,D
09:32:15.340,600985,11.08,100,726491,S,A
09:32:15.370,600985,11.09,1000,691191,S,D
09:32:15.370,600985,11.09,1000,691188,S,D
09:32:15.410,600985,11.08,500,726631,S,A
09:32:15.440,600985,10.86,200,726703,B,A
09:32:15.440,600985,11.09,100,699929,S,D
09:32:15.440,600985,11.08,100,726765,S,A
09:32:15.440,600985,11.09,200,698549,S,D
09:32:15.440,600985,11.09,800,687498,S,D
09:32:15.440,600985,11.09,200,712970,S,D
09:32:15.440,600985,11.08,900,726879,S,A
09:32:15.440,600985,11.09,1300,687412,S,D
09:32:15.570,600985,11.08,2000,727291,S,A
09:32:15.790,600985,11.07,2000,727912,B,A
09:32:16.000,600985,11.0,1000,728392,B,A
09:32:16.040,600985,11.08,500,728447,S,A
09:32:16.160,600985,11.08,500,728613,S,A
09:32:16.160,600985,11.02,10000,728653,B,A
09:32:16.340,600985,11.06,10000,729042,B,A
09:32:16.420,600985,11.08,4500,724377,S,D
09:32:16.600,600985,11.04,600,729512,B,A
09:32:16.660,600985,11.08,2600,729648,S,A
09:32:16.690,600985,11.06,2000,729693,B,A
09:32:17.100,600985,11.07,200,695087,B,D
09:32:17.240,600985,11.05,500,730557,B,A
09:32:17.240,600985,11.08,900,726879,S,D
09:32:17.240,600985,11.08,500,726631,S,D
09:32:17.650,600985,11.0,500,731544,B,A
09:32:18.100,600985,11.03,100,732214,B,A
09:32:18.280,600985,11.08,800,733234,S,A
09:32:18.460,600985,11.08,1900,720045,S,D
09:32:18.460,600985,11.08,1200,720044,S,D
09:32:18.460,600985,11.08,1300,720043,S,D
09:32:18.570,600985,11.07,100,734136,B,A
09:32:18.640,600985,11.08,200,720241,S,D
09:32:18.770,600985,11.07,1000,734896,S,A
09:32:18.800,600985,10.99,200,734968,B,A
09:32:18.900,600985,11.08,900,723638,S,D
09:32:19.510,600985,11.07,1300,736702,S,A
09:32:19.570,600985,11.07,900,736791,S,A
09:32:19.720,600985,11.08,800,737011,S,A
09:32:19.740,600985,11.06,200,737107,B,A
09:32:19.840,600985,11.07,500,734896,S,D
09:32:20.230,600985,10.89,500,737878,B,A
09:32:20.350,600985,11.15,1200,738058,S,A
09:32:21.160,600985,11.08,1300,725431,S,D
09:32:21.200,600985,11.08,2900,725829,S,D
09:32:21.200,600985,11.07,100,739680,S,A
09:32:21.230,600985,11.07,200,739776,S,A
09:32:21.270,600985,11.08,1200,720008,S,D
09:32:21.270,600985,11.08,200,720009,S,D
09:32:21.340,600985,11.08,800,733234,S,D
09:32:21.340,600985,11.12,2000,740539,S,A
09:32:21.380,600985,11.07,900,736791,S,D
09:32:21.380,600985,11.07,300,736702,S,D
09:32:21.490,600985,11.09,400,740985,S,A
09:32:21.490,600985,11.08,4200,722878,S,D
09:32:21.610,600985,11.07,3000,741297,S,A
09:32:21.610,600985,11.07,500,741386,S,A
09:32:21.610,600985,11.09,500,725614,S,D
09:32:21.680,600985,11.07,4500,741489,S,A
09:32:21.860,600985,11.07,3800,741966,S,A
09:32:21.920,600985,11.09,200,742054,S,A
09:32:22.300,600985,10.95,900,742787,B,A
09:32:22.440,600985,11.02,12300,656921,B,D
09:32:22.560,600985,11.08,4500,724560,S,D
09:32:22.640,600985,11.08,1500,724104,S,D
09:32:22.640,600985,11.08,1200,719997,S,D
09:32:22.640,600985,11.08,100,722585,S,D
09:32:22.790,600985,10.62,100,743664,B,A
09:32:22.820,600985,11.03,2000,743711,B,A
09:32:22.840,600985,11.07,3000,743748,S,A
09:32:23.050,600985,11.08,2100,744097,S,A
09:32:23.410,600985,11.09,1000,709644,S,D
09:32:23.470,600985,11.02,2000,744654,B,A
09:32:23.470,600985,11.01,2000,744706,B,A
09:32:23.750,600985,11.06,500,745123,B,A
09:32:23.780,600985,11.06,1500,745144,B,A
09:32:23.780,600985,11.02,300,745146,B,A
09:32:24.170,600985,11.07,200,746100,S,A
09:32:24.270,600985,11.07,500,746423,S,A
09:32:24.340,600985,11.04,200,746891,B,A
09:32:24.660,600985,11.08,800,737011,S,D
09:32:24.720,600985,11.09,400,740985,S,D
09:32:25.070,600985,11.39,14000,748857,S,A
09:32:25.190,600985,11.05,1000,749162,B,A
09:32:25.250,600985,11.0,10000,749242,B,A
09:32:25.710,600985,11.1,1300,608420,S,D
09:32:25.740,600985,10.9,1000,750140,B,A
09:32:26.010,600985,10.96,100,750521,B,A
09:32:26.740,600985,10.9,45000,751696,B,A
09:32:26.860,600985,11.07,48200,751836,S,A
09:32:26.950,600985,11.06,3000,751962,B,A
09:32:26.980,600985,11.01,36300,751987,B,A
09:32:27.070,600985,11.07,100,752140,S,A
09:32:27.070,600985,11.09,100,697502,S,D
09:32:27.130,600985,11.07,100,752293,S,A
09:32:27.130,600985,11.09,100,698165,S,D
09:32:27.130,600985,11.09,100,704712,S,D
09:32:27.130,600985,11.07,100,752375,S,A
09:32:27.160,600985,11.08,200,725730,S,D
09:32:27.230,600985,11.08,100,726491,S,D
09:32:27.290,600985,11.09,100,698602,S,D
09:32:27.290,600985,11.07,100,753008,S,A
09:32:27.290,600985,11.07,100,753011,S,A
09:32:27.390,600985,11.06,200,753457,B,A
09:32:27.390,600985,11.08,100,726765,S,D
09:32:27.390,600985,11.07,100,753463,S,A
09:32:27.420,600985,11.08,600,720133,S,D
09:32:27.460,600985,11.0,100,753667,B,A
09:32:27.460,600985,11.08,800,720546,S,D
09:32:27.590,600985,11.08,2100,720512,S,D
09:32:27.590,600985,11.08,800,720731,S,D
