TradeTime,InstrumentID,Price,Volume,BidApplSeqNum,OfferApplSeqNum
09:30:00.550,600985,11.14,4500,174627,245388
09:30:00.550,600985,11.14,200,174895,245388
09:30:00.550,600985,11.14,700,181110,245388
09:30:00.550,600985,11.14,1200,185255,245388
09:30:00.550,600985,11.14,100,192218,245388
09:30:00.550,600985,11.14,400,192535,245388
09:30:00.550,600985,11.14,500,199091,245388
09:30:00.550,600985,11.14,2800,209909,245388
09:30:00.550,600985,11.14,2800,214448,245388
09:30:00.550,600985,11.14,100,217546,245388
09:30:00.550,600985,11.14,500,219710,245388
09:30:00.550,600985,11.14,500,223577,245388
09:30:00.550,600985,11.14,200,231614,245388
09:30:00.550,600985,11.14,1100,243853,245388
09:30:00.550,600985,11.14,100,244396,245388
09:30:00.550,600985,11.14,900,245479,245388
09:30:00.670,600985,11.14,3400,247023,245388
09:30:00.670,600985,11.14,500,247023,245878
09:30:01.270,600985,11.15,1100,247023,255386
09:30:01.270,600985,11.15,1000,248085,255386
09:30:01.270,600985,11.14,500,255468,255386
09:30:01.640,600985,11.15,200,258651,262013
09:30:01.640,600985,11.14,4500,255468,262013
09:30:01.640,600985,11.14,500,261701,262013
09:30:01.640,600985,11.13,500,68589,262013
09:30:01.640,600985,11.13,100,108435,262013
09:30:01.760,600985,11.14,700,263867,263159
09:30:01.760,600985,11.16,200,263867,245387
09:30:02.230,600985,11.16,500,269346,245387
09:30:03.080,600985,11.14,1300,280743,275121
09:30:03.080,600985,11.14,3700,280743,276354
09:30:03.210,600985,11.14,100,283391,276354
09:30:03.210,600985,11.14,400,283391,276355
09:30:03.210,600985,11.14,100,284077,276355
09:30:03.350,600985,11.14,1000,284308,276355
09:30:03.350,600985,11.14,500,284817,276355
09:30:03.510,600985,11.14,100,286418,276355
09:30:03.510,600985,11.14,1000,287124,276355
09:30:03.640,600985,11.14,1000,287794,276355
09:30:04.550,600985,11.14,800,300335,276355
09:30:04.670,600985,11.14,100,303288,276355
09:30:04.800,600985,11.14,700,304910,276355
09:30:04.800,600985,11.14,100,304910,284552
09:30:04.800,600985,11.14,300,304910,287073
09:30:04.800,600985,11.14,300,304910,287346
09:30:04.920,600985,11.14,800,305233,287346
09:30:04.920,600985,11.14,900,305233,289910
09:30:05.050,600985,11.14,500,307365,289910
09:30:05.620,600985,11.14,2000,314313,289910
09:30:05.850,600985,11.14,1600,319099,289910
09:30:05.850,600985,11.14,400,319099,291791
09:30:05.850,600985,11.14,1400,319099,296609
09:30:05.850,600985,11.14,800,319099,296879
09:30:05.850,600985,11.14,1600,319099,311493
09:30:05.850,600985,11.14,1600,319099,311494
09:30:05.850,600985,11.14,300,319099,312323
09:30:05.850,600985,11.14,200,319099,315288
09:30:05.850,600985,11.14,100,319099,318493
09:30:05.850,600985,11.14,200,319099,318753
09:30:05.850,600985,11.15,2100,319099,306083
09:30:06.030,600985,11.15,2100,319099,319592
09:30:06.390,600985,11.16,100,325463,245387
09:30:06.390,600985,11.15,100,319099,325682
09:30:06.640,600985,11.15,600,319099,328833
09:30:06.640,600985,11.16,1800,328935,245387
09:30:06.760,600985,11.16,500,330400,245387
09:30:06.760,600985,11.16,3000,330762,245387
09:30:07.000,600985,11.15,300,319099,333716
09:30:07.000,600985,11.15,3800,319099,335022
09:30:07.140,600985,11.16,1100,336425,245387
09:30:07.270,600985,11.16,800,337957,245387
09:30:07.270,600985,11.16,6000,337957,263621
09:30:07.270,600985,11.16,600,337957,270909
09:30:07.270,600985,11.17,200,337957,192061
09:30:07.270,600985,11.17,500,337957,211497
09:30:07.270,600985,11.17,2300,337957,251824
09:30:07.270,600985,11.17,3800,337957,259419
09:30:07.270,600985,11.17,5000,337957,288424
09:30:07.270,600985,11.17,800,337957,301267
09:30:07.270,600985,11.17,1600,337957,304028
09:30:07.270,600985,11.15,1400,319099,338459
09:30:07.390,600985,11.15,700,319099,339790
09:30:07.390,600985,11.15,100,319099,339791
09:30:07.510,600985,11.15,1800,319099,341705
09:30:07.650,600985,11.17,18000,342624,304028
09:30:07.650,600985,11.15,1100,319099,343497
09:30:07.770,600985,11.15,600,319099,344225
09:30:07.920,600985,11.15,100,319099,346071
09:30:07.920,600985,11.15,300,319099,346072
09:30:07.920,600985,11.15,1300,319099,347289
09:30:08.040,600985,11.15,1000,319099,347634
09:30:08.040,600985,11.15,200,319099,347677
09:30:08.040,600985,11.15,400,319099,348466
09:30:08.170,600985,11.15,500,319099,349362
09:30:08.170,600985,11.15,600,319099,349363
09:30:08.270,600985,11.15,200,319099,350554
09:30:08.270,600985,11.15,200,319099,350555
09:30:08.270,600985,11.15,2300,319099,350771
09:30:08.270,600985,11.15,700,320747,350771
09:30:08.270,600985,11.15,300,320747,350959
09:30:08.270,600985,11.15,400,321548,350959
09:30:08.410,600985,11.17,400,352275,304028
09:30:08.410,600985,11.17,5600,352275,314008
09:30:08.620,600985,11.16,100,352822,355057
09:30:08.620,600985,11.15,200,321548,355057
09:30:08.620,600985,11.15,500,321548,355058
09:30:08.620,600985,11.15,900,321548,355060
09:30:08.620,600985,11.15,100,321548,355068
09:30:08.620,600985,11.15,200,321548,355069
09:30:08.620,600985,11.15,200,321548,355071
09:30:08.620,600985,11.15,100,339805,355071
09:30:08.620,600985,11.15,100,339805,355160
09:30:08.620,600985,11.15,400,339805,355162
09:30:08.620,600985,11.15,900,339805,355261
09:30:08.620,600985,11.15,700,339805,355265
09:30:08.820,600985,11.14,500,322666,356978
09:30:08.820,600985,11.14,2000,324489,356978
09:30:08.820,600985,11.14,500,326218,356978
09:30:09.030,600985,11.15,100,357579,355265
09:30:09.030,600985,11.15,500,357579,355287
09:30:09.030,600985,11.15,900,357579,355288
09:30:09.030,600985,11.15,500,357579,356122
09:30:09.030,600985,11.14,100,326218,358669
09:30:09.030,600985,11.14,100,334395,358669
09:30:09.030,600985,11.14,200,335315,358669
09:30:09.030,600985,11.14,100,335520,358669
09:30:09.030,600985,11.14,300,337016,358669
09:30:09.290,600985,11.15,200,361671,356122
09:30:09.290,600985,11.15,500,361671,356123
09:30:09.290,600985,11.15,300,361671,356605
09:30:09.290,600985,11.15,500,361813,356606
09:30:09.290,600985,11.16,300,361813,355870
09:30:09.290,600985,11.16,100,361813,356119
09:30:09.290,600985,11.17,800,361813,314008
09:30:09.290,600985,11.14,300,337016,362558
09:30:09.430,600985,11.15,900,362928,362398
09:30:09.430,600985,11.15,1200,362928,362789
09:30:09.430,600985,11.14,500,337016,363584
09:30:09.430,600985,11.15,1800,363731,362789
09:30:09.430,600985,11.17,200,363731,314008
09:30:09.430,600985,11.17,2400,363971,314008
09:30:09.550,600985,11.14,900,337016,364868
09:30:09.550,600985,11.14,1500,338346,364868
09:30:09.550,600985,11.14,600,342859,364868
09:30:09.680,600985,11.15,500,366158,364704
09:30:09.800,600985,11.14,100,349035,369220
09:30:09.800,600985,11.14,100,349035,369221
09:30:09.920,600985,11.14,100,349035,370438
09:30:09.920,600985,11.14,200,349035,370652
09:30:09.920,600985,11.14,200,349035,371083
09:30:10.040,600985,11.14,500,349035,371762
09:30:10.040,600985,11.14,100,349035,372197
09:30:10.040,600985,11.15,1700,372612,364704
09:30:10.040,600985,11.15,1000,372612,364743
09:30:10.040,600985,11.15,900,372612,364744
09:30:10.040,600985,11.15,100,372612,366204
09:30:10.040,600985,11.15,100,372612,366205
09:30:10.040,600985,11.15,1200,372612,367250
09:30:10.040,600985,11.15,300,372612,367251
09:30:10.040,600985,11.15,100,372612,367252
09:30:10.040,600985,11.15,200,372612,367288
09:30:10.040,600985,11.15,1500,372612,367813
09:30:10.040,600985,11.15,1200,372612,367816
09:30:10.170,600985,11.14,200,349035,372799
09:30:10.170,600985,11.14,200,349035,374084
09:30:10.170,600985,11.14,200,349035,374085
09:30:10.280,600985,11.15,400,374735,367899
09:30:10.280,600985,11.15,200,374735,368174
09:30:10.280,600985,11.15,100,374735,368175
09:30:10.280,600985,11.15,100,374905,368175
09:30:10.280,600985,11.15,700,374905,368176
09:30:10.280,600985,11.15,800,374905,371091
09:30:10.280,600985,11.14,100,349035,374949
09:30:10.280,600985,11.14,100,364537,374950
09:30:10.280,600985,11.15,200,375534,371091
09:30:10.410,600985,11.15,600,376519,371091
09:30:10.410,600985,11.15,300,377105,374674
09:30:10.600,600985,11.14,100,364537,378880
09:30:10.600,600985,11.14,100,364537,378889
09:30:10.600,600985,11.14,200,364537,378910
09:30:10.600,600985,11.14,100,365371,378916
09:30:10.600,600985,11.14,100,365371,378930
09:30:10.600,600985,11.14,200,365371,378931
09:30:10.680,600985,11.14,1000,365371,379948
09:30:10.930,600985,11.14,100,365371,382110
09:30:10.970,600985,11.14,100,365371,382278
09:30:10.970,600985,11.14,100,365371,382279
09:30:10.970,600985,11.14,300,365371,382280
09:30:10.970,600985,11.14,100,369734,382280
09:30:10.970,600985,11.14,100,369734,382281
09:30:10.970,600985,11.14,100,369734,382282
09:30:11.050,600985,11.14,300,369734,382830
09:30:11.370,600985,11.15,400,384559,374674
09:30:11.370,600985,11.15,100,384559,375500
09:30:11.370,600985,11.15,400,384865,375500
09:30:11.370,600985,11.15,500,384865,375501
09:30:11.780,600985,11.15,400,387179,375501
09:30:11.780,600985,11.15,300,387179,375733
09:30:11.780,600985,11.14,300,369734,387196
09:30:12.160,600985,11.14,500,369734,389541
09:30:12.160,600985,11.14,1500,369734,389640
09:30:12.270,600985,11.14,400,369734,390298
09:30:12.270,600985,11.14,500,377220,390298
09:30:12.340,600985,11.14,300,377220,390660
09:30:12.380,600985,11.14,300,377220,391170
09:30:12.420,600985,11.14,400,377220,391499
09:30:12.420,600985,11.14,600,377220,391500
09:30:12.460,600985,11.14,500,377220,391900
09:30:12.460,600985,11.14,500,377220,392032
09:30:12.460,600985,11.15,600,392231,375733
09:30:12.460,600985,11.15,500,392231,375734
09:30:12.560,600985,11.14,100,377220,392920
09:30:12.600,600985,11.14,800,377220,393099
09:30:12.680,600985,11.14,100,377220,393751
09:30:12.680,600985,11.14,100,377220,393888
09:30:12.680,600985,11.14,500,377220,393889
09:30:12.680,600985,11.14,200,377220,393890
09:30:12.720,600985,11.14,300,377220,394273
09:30:12.720,600985,11.14,400,377220,394274
09:30:12.760,600985,11.14,100,377220,394646
09:30:12.990,600985,11.15,200,395952,375734
09:30:12.990,600985,11.15,200,395957,375734
09:30:13.990,600985,11.14,100,377220,400960
09:30:13.990,600985,11.14,200,377220,400961
09:30:13.990,600985,11.14,100,377220,400962
09:30:13.990,600985,11.14,500,377220,400963
09:30:13.990,600985,11.14,200,377220,400964
09:30:13.990,600985,11.14,600,377220,400965
09:30:13.990,600985,11.14,500,377220,400966
09:30:14.090,600985,11.15,1200,401471,375735
09:30:14.090,600985,11.15,1000,401471,375736
09:30:14.090,600985,11.15,200,401471,377681
09:30:15.160,600985,11.14,1100,377220,405696
09:30:15.160,600985,11.14,200,384550,405696
09:30:15.160,600985,11.14,200,386808,405696
09:30:15.160,600985,11.14,1500,388709,405696
09:30:15.160,600985,11.14,100,388709,405809
09:30:15.160,600985,11.14,100,388709,405824
09:30:15.200,600985,11.14,800,388709,406055
09:30:15.200,600985,11.14,600,388709,406056
09:30:15.240,600985,11.14,1100,388709,406389
09:30:15.280,600985,11.14,700,388709,406603
09:30:15.280,600985,11.14,100,388709,406665
09:30:15.280,600985,11.14,300,393999,406665
09:30:15.280,600985,11.14,200,393999,406666
09:30:15.320,600985,11.14,3200,393999,406813
09:30:15.320,600985,11.14,10800,401467,406813
09:30:15.320,600985,11.14,200,406980,406813
09:30:15.730,600985,11.14,400,409630,406813
09:30:15.730,600985,11.14,200,409630,407104
09:30:15.730,600985,11.14,300,409630,407105
09:30:15.730,600985,11.14,300,409630,407116
09:30:15.730,600985,11.14,800,409630,407750
09:30:15.810,600985,11.14,100,410199,407838
09:30:15.810,600985,11.14,100,410199,408774
09:30:16.050,600985,11.14,100,412258,408774
09:30:16.090,600985,11.14,200,412281,408774
09:30:16.220,600985,11.14,200,412858,408774
09:30:16.450,600985,11.14,900,414068,408774
09:30:16.450,600985,11.14,600,414068,408817
09:30:16.450,600985,11.14,300,414068,409074
09:30:16.450,600985,11.14,200,414068,409075
09:30:16.450,600985,11.14,200,414068,409076
09:30:16.450,600985,11.14,300,414068,409077
09:30:16.450,600985,11.14,400,414068,409078
09:30:16.450,600985,11.14,700,414068,409079
09:30:16.450,600985,11.14,100,414068,409092
09:30:16.450,600985,11.14,400,414068,409093
09:30:16.450,600985,11.14,100,414068,409094
09:30:16.450,600985,11.14,100,414068,409095
09:30:16.450,600985,11.14,1400,414068,409096
09:30:16.450,600985,11.14,200,414068,409097
09:30:16.450,600985,11.14,600,414068,409098
09:30:16.450,600985,11.14,200,414068,409100
09:30:16.450,600985,11.14,600,414068,409102
09:30:16.450,600985,11.14,300,414068,409103
09:30:16.450,600985,11.14,1100,414068,409169
09:30:16.450,600985,11.14,300,414068,409170
09:30:17.510,600985,11.14,300,417486,409170
09:30:17.510,600985,11.14,800,417486,409172
09:30:17.510,600985,11.14,900,417486,409823
09:30:18.160,600985,11.13,900,139196,419439
09:30:18.160,600985,11.13,300,162843,419439
09:30:18.160,600985,11.13,700,162843,419440
09:30:18.160,600985,11.13,200,260317,419440
09:30:18.240,600985,11.13,800,260317,419886
09:30:18.240,600985,11.13,400,266936,419886
09:30:18.270,600985,11.13,400,266936,420188
09:30:18.270,600985,11.13,400,266936,420189
09:30:18.310,600985,11.13,600,266936,420289
09:30:18.310,600985,11.13,200,266936,420290
09:30:18.310,600985,11.13,400,266936,420313
09:30:18.310,600985,11.13,2200,266936,420425
09:30:18.380,600985,11.13,400,266936,420773
09:30:18.380,600985,11.13,100,275941,420773
09:30:18.420,600985,11.13,1100,275941,420971
09:30:18.490,600985,11.13,1700,275941,421404
09:30:18.570,600985,11.13,600,275941,421879
09:30:18.570,600985,11.13,100,308611,421879
09:30:18.570,600985,11.13,100,319408,421879
09:30:18.570,600985,11.13,300,319408,421880
09:30:18.570,600985,11.13,800,319408,421881
09:30:18.570,600985,11.13,300,319408,421882
09:30:18.570,600985,11.13,1000,319408,421883
09:30:18.570,600985,11.13,600,319408,421884
09:30:18.570,600985,11.13,400,319408,421885
09:30:18.570,600985,11.13,100,319408,421897
09:30:18.570,600985,11.13,400,375084,421897
09:30:18.570,600985,11.13,600,375084,421907
09:30:18.570,600985,11.13,200,375084,421908
09:30:18.570,600985,11.13,2100,375084,421909
09:30:18.570,600985,11.13,200,375084,421910
09:30:18.600,600985,11.13,200,375084,422091
09:30:18.600,600985,11.13,300,375084,422092
09:30:18.600,600985,11.13,200,375084,422106
09:30:18.600,600985,11.13,300,375084,422157
09:30:18.600,600985,11.13,200,381888,422157
09:30:18.640,600985,11.13,900,381888,422253
09:30:18.640,600985,11.13,1300,381888,422254
09:30:18.640,600985,11.13,1000,381888,422255
09:30:18.640,600985,11.13,700,381888,422256
09:30:18.640,600985,11.13,100,381888,422258
09:30:18.640,600985,11.13,300,381888,422358
09:30:18.640,600985,11.13,1000,387321,422358
09:30:18.640,600985,11.13,100,397696,422358
09:30:18.640,600985,11.13,1200,397696,422362
09:30:18.640,600985,11.13,400,399934,422362
09:30:18.640,600985,11.13,1300,399934,422363
09:30:18.640,600985,11.13,400,399934,422364
09:30:18.640,600985,11.13,500,399934,422365
09:30:18.640,600985,11.13,400,399934,422366
09:30:18.640,600985,11.13,300,417357,422367
09:30:19.310,600985,11.13,200,425598,422367
09:30:19.310,600985,11.13,1900,425598,422603
09:30:19.790,600985,11.12,100,3879,426728
09:30:20.720,600985,11.13,1000,428273,422603
09:30:20.720,600985,11.13,600,428273,422794
09:30:20.720,600985,11.13,2100,428273,424842
09:30:20.720,600985,11.13,300,428273,425803
09:30:21.210,600985,11.12,1200,3879,429173
09:30:21.210,600985,11.12,1000,3879,429174
09:30:21.210,600985,11.12,2400,3879,429353
09:30:21.280,600985,11.12,300,3879,429639
09:30:21.280,600985,11.12,100,3879,429640
09:30:21.280,600985,11.12,200,3879,429647
09:30:21.280,600985,11.12,500,3879,429648
09:30:21.310,600985,11.12,1000,167303,429807
09:30:21.310,600985,11.12,200,174864,429807
09:30:21.310,600985,11.12,100,182261,429807
09:30:21.310,600985,11.12,400,182261,429923
09:30:21.310,600985,11.12,100,216377,429923
09:30:21.380,600985,11.12,900,216377,430162
09:30:21.380,600985,11.12,1000,216377,430164
09:30:21.380,600985,11.12,900,216377,430165
09:30:21.380,600985,11.12,1900,216377,430168
09:30:21.380,600985,11.12,400,216377,430169
09:30:21.380,600985,11.12,300,216377,430170
09:30:21.380,600985,11.12,100,232110,430170
09:30:21.380,600985,11.12,300,232110,430230
09:30:21.440,600985,11.12,600,232110,430443
09:30:21.440,600985,11.12,600,236534,430443
09:30:21.470,600985,11.12,400,236534,430626
09:30:21.470,600985,11.12,2000,266803,430626
09:30:21.470,600985,11.12,600,266803,430650
09:30:21.470,600985,11.12,500,266803,430651
09:30:21.470,600985,11.12,500,266803,430652
09:30:21.470,600985,11.12,200,266803,430653
09:30:21.470,600985,11.12,400,266803,430654
09:30:21.470,600985,11.12,2600,266803,430655
09:30:21.470,600985,11.12,500,266803,430656
09:30:21.470,600985,11.12,500,266803,430657
09:30:21.470,600985,11.12,900,266803,430658
09:30:21.470,600985,11.12,300,266803,430659
09:30:21.470,600985,11.12,1000,266803,430660
09:30:21.470,600985,11.12,300,336330,430660
09:30:21.470,600985,11.12,400,347812,430660
09:30:21.470,600985,11.12,600,347812,430661
09:30:21.500,600985,11.12,200,361605,430679
09:30:21.500,600985,11.12,500,388859,430679
09:30:21.500,600985,11.12,1200,388859,430680
09:30:21.500,600985,11.12,500,388859,430863
09:30:21.500,600985,11.12,1100,388859,430865
09:30:21.500,600985,11.12,700,388859,430866
09:30:21.500,600985,11.12,100,388859,430897
09:30:21.500,600985,11.12,100,388859,431049
09:30:21.500,600985,11.12,300,388859,431051
09:30:21.500,600985,11.12,200,390564,431052
09:30:21.500,600985,11.12,200,390564,431055
09:30:21.500,600985,11.12,100,390564,431056
09:30:21.540,600985,11.12,300,390564,431093
09:30:22.680,600985,11.12,200,434949,431093
09:30:22.680,600985,11.12,100,434949,431133
09:30:22.680,600985,11.12,200,434949,431137
09:30:22.680,600985,11.12,700,434949,431364
09:30:22.680,600985,11.12,400,434949,431544
09:30:22.680,600985,11.12,600,434949,431545
09:30:23.680,600985,11.12,800,436503,431545
09:30:23.680,600985,11.12,1700,436503,431546
09:30:23.680,600985,11.12,600,436503,431547
09:30:23.680,600985,11.12,200,436503,431548
09:30:23.680,600985,11.12,400,436503,431549
09:30:23.680,600985,11.12,600,436503,431550
09:30:23.680,600985,11.12,200,436503,431771
09:30:23.680,600985,11.12,500,436503,431772
09:30:24.040,600985,11.11,4500,102081,437074
09:30:24.040,600985,11.11,5000,107980,437074
09:30:24.040,600985,11.11,2600,138814,437074
09:30:24.040,600985,11.11,200,171045,437074
09:30:24.040,600985,11.11,1300,185790,437074
09:30:24.040,600985,11.11,3700,185790,437075
09:30:24.040,600985,11.11,300,227096,437075
09:30:24.040,600985,11.11,700,230073,437075
09:30:24.040,600985,11.11,1300,240428,437075
09:30:24.040,600985,11.11,2100,248708,437075
09:30:24.040,600985,11.11,500,258309,437075
09:30:24.040,600985,11.11,1100,265800,437075
09:30:24.040,600985,11.11,300,274924,437075
09:30:24.040,600985,11.11,2000,275864,437075
09:30:24.040,600985,11.11,800,282025,437075
09:30:24.040,600985,11.11,200,282025,437103
09:30:24.040,600985,11.11,2000,282630,437103
09:30:24.040,600985,11.11,300,297889,437103
09:30:24.040,600985,11.11,1000,362344,437103
09:30:24.040,600985,11.11,1000,367483,437103
09:30:24.040,600985,11.11,2000,377391,437103
09:30:24.040,600985,11.11,10000,387466,437103
09:30:24.040,600985,11.11,4500,396963,437103
09:30:24.040,600985,11.11,800,417111,437103
09:30:24.130,600985,11.11,200,417111,437315
09:30:24.390,600985,11.1,1000,9210,439005
09:30:24.390,600985,11.1,100,53723,439005
09:30:25.150,600985,11.1,300,53723,443213
09:30:25.150,600985,11.1,2000,98618,443213
09:30:25.150,600985,11.1,900,103963,443213
09:30:25.150,600985,11.1,300,107569,443213
09:30:25.150,600985,11.1,100,110258,443213
09:30:25.150,600985,11.1,3000,122418,443213
09:30:25.150,600985,11.1,2000,124752,443213
09:30:25.150,600985,11.1,300,174621,443213
09:30:25.150,600985,11.1,300,175526,443213
09:30:25.150,600985,11.1,10000,178119,443213
09:30:25.150,600985,11.1,500,179712,443213
09:30:25.150,600985,11.1,1200,184172,443213
09:30:25.150,600985,11.1,1000,185148,443213
09:30:25.150,600985,11.1,3000,188310,443213
09:30:25.150,600985,11.1,500,190697,443213
09:30:25.150,600985,11.1,1000,192803,443213
09:30:25.150,600985,11.1,100,205326,443213
09:30:25.150,600985,11.1,2000,217198,443213
09:30:25.150,600985,11.1,500,227279,443213
09:30:25.150,600985,11.1,500,243097,443213
09:30:25.150,600985,11.1,2000,254062,443213
09:30:25.150,600985,11.1,1000,258081,443213
09:30:25.150,600985,11.1,1000,261037,443213
09:30:25.150,600985,11.1,2600,267140,443213
09:30:25.150,600985,11.1,400,267971,443213
09:30:25.150,600985,11.1,1000,274490,443213
09:30:25.150,600985,11.1,400,275880,443213
09:30:25.150,600985,11.1,2000,293957,443213
09:30:25.150,600985,11.1,200,306924,443213
09:30:25.150,600985,11.1,200,308251,443213
09:30:25.150,600985,11.1,5000,313234,443213
09:30:25.150,600985,11.1,1000,327635,443213
09:30:25.150,600985,11.1,1000,330915,443213
09:30:25.150,600985,11.1,1000,351282,443213
09:30:25.150,600985,11.1,2000,418162,443213
09:30:25.150,600985,11.09,1000,71860,443213
09:30:25.150,600985,11.09,1500,164670,443213
09:30:25.150,600985,11.09,1000,179462,443213
09:30:25.150,600985,11.09,100,188195,443213
09:30:25.150,600985,11.09,1000,300813,443213
09:30:25.150,600985,11.09,1000,337266,443213
09:30:25.150,600985,11.09,800,361932,443213
09:30:25.150,600985,11.09,3000,379094,443213
09:30:25.150,600985,11.09,200,398838,443213
09:30:25.270,600985,11.08,900,6325,443776
09:30:25.310,600985,11.09,3000,443947,443538
09:30:26.440,600985,11.09,100,446860,443538
09:30:26.440,600985,11.09,100,446861,443538
09:30:26.480,600985,11.08,100,6325,446923
09:30:26.480,600985,11.08,300,7245,446923
09:30:26.890,600985,11.09,200,447571,443538
09:30:27.220,600985,11.08,4700,7245,448341
09:30:27.220,600985,11.08,300,25528,448341
09:30:27.220,600985,11.08,600,109954,448341
09:30:27.220,600985,11.08,2000,138021,448341
09:30:27.220,600985,11.08,1100,159215,448341
09:30:27.220,600985,11.08,100,159215,448363
09:30:27.220,600985,11.08,300,159215,448375
09:30:27.220,600985,11.08,300,159215,448376
09:30:27.220,600985,11.08,300,159215,448377
09:30:27.220,600985,11.08,1100,159215,448469
09:30:27.220,600985,11.08,900,159215,448490
09:30:27.220,600985,11.08,1100,169243,448490
09:30:27.270,600985,11.08,300,169243,448612
09:30:27.270,600985,11.08,500,182296,448612
09:30:27.270,600985,11.08,2000,183738,448612
09:30:27.380,600985,11.09,500,449163,443538
09:30:27.380,600985,11.09,1000,449223,443538
09:30:27.410,600985,11.09,1000,449467,443538
09:30:27.410,600985,11.08,200,183738,449647
09:30:27.410,600985,11.08,800,185090,449647
09:30:27.440,600985,11.08,600,185090,449698
09:30:27.560,600985,11.08,100,185090,450432
09:30:27.710,600985,11.08,200,185090,451102
09:30:27.710,600985,11.08,100,185090,451257
09:30:27.740,600985,11.08,100,185090,451358
09:30:27.740,600985,11.08,100,185090,451360
09:30:27.740,600985,11.08,100,185090,451362
09:30:27.740,600985,11.08,100,185090,451364
09:30:27.810,600985,11.08,100,185090,451754
09:30:27.810,600985,11.08,100,185090,451757
09:30:27.810,600985,11.08,100,185090,451760
09:30:27.810,600985,11.08,100,185090,451765
09:30:27.850,600985,11.08,200,185090,451933
09:30:27.890,600985,11.08,200,185090,452241
09:30:27.890,600985,11.08,100,185090,452352
09:30:27.920,600985,11.08,100,185090,452444
09:30:27.950,600985,11.08,100,185090,452534
09:30:27.990,600985,11.08,100,185090,452784
09:30:28.020,600985,11.08,1000,185090,452943
09:30:28.050,600985,11.08,100,185090,452967
09:30:28.050,600985,11.08,100,185090,452968
09:30:28.080,600985,11.08,100,185090,453064
09:30:28.080,600985,11.08,300,185090,453065
09:30:28.140,600985,11.08,100,185090,453333
09:30:28.270,600985,11.08,100,185090,453611
09:30:28.270,600985,11.08,100,185090,453653
09:30:28.270,600985,11.08,100,185090,453660
09:30:28.440,600985,11.08,100,185090,454199
09:30:28.440,600985,11.08,300,185090,454215
09:30:28.440,600985,11.09,100,454224,443538
09:30:28.530,600985,11.08,200,185090,454364
09:30:28.590,600985,11.08,100,185090,454583
09:30:28.720,600985,11.08,400,185090,454805
09:30:28.940,600985,11.08,100,185090,455287
09:30:28.960,600985,11.08,400,185090,455317
09:30:28.990,600985,11.08,100,185090,455383
09:30:28.990,600985,11.08,100,185090,455405
09:30:29.090,600985,11.08,200,185090,455601
09:30:29.280,600985,11.09,100,455964,448076
09:30:29.280,600985,11.09,100,455964,448079
09:30:29.280,600985,11.09,100,455964,448157
09:30:29.280,600985,11.09,200,455964,448158
09:30:29.280,600985,11.09,100,455964,448162
09:30:29.280,600985,11.09,200,455964,448173
09:30:29.280,600985,11.09,100,455964,448259
09:30:29.280,600985,11.09,200,455964,448262
09:30:29.280,600985,11.09,200,455964,448411
09:30:29.280,600985,11.09,100,455964,448412
09:30:29.280,600985,11.09,100,455964,448413
09:30:29.280,600985,11.09,300,455964,448414
09:30:29.280,600985,11.09,100,455964,448427
09:30:29.280,600985,11.09,100,455964,448438
09:30:29.280,600985,11.08,100,185090,455975
09:30:29.430,600985,11.08,100,185090,456216
09:30:29.580,600985,11.08,400,185090,456441
09:30:29.710,600985,11.08,100,185090,456597
09:30:29.710,600985,11.08,700,185090,456620
09:30:29.710,600985,11.09,100,456637,448495
09:30:29.710,600985,11.09,100,456637,448636
09:30:29.710,600985,11.09,100,456637,448638
09:30:29.710,600985,11.09,100,456637,449118
09:30:29.710,600985,11.09,200,456637,449504
09:30:29.710,600985,11.09,100,456637,449506
09:30:29.710,600985,11.09,100,456637,449560
09:30:29.710,600985,11.09,200,456637,449932
09:30:29.710,600985,11.09,300,456637,450390
09:30:30.300,600985,11.08,800,185090,457639
09:30:30.300,600985,11.08,2800,185090,457641
09:30:30.300,600985,11.08,600,185090,457645
09:30:30.370,600985,11.08,100,185090,458510
09:30:30.370,600985,11.09,100,458552,450606
09:30:30.480,600985,11.08,100,185090,459097
09:30:30.590,600985,11.08,100,185090,459664
09:30:30.590,600985,11.08,200,185090,459766
09:30:30.660,600985,11.08,500,185090,459994
09:30:30.660,600985,11.08,2000,185090,460064
09:30:30.660,600985,11.08,800,211457,460064
09:30:30.660,600985,11.08,1700,222652,460064
09:30:30.770,600985,11.08,100,222652,460602
09:30:30.910,600985,11.08,100,222652,461332
09:30:31.080,600985,11.08,200,222652,461750
09:30:31.080,600985,11.08,100,222652,461884
09:30:31.080,600985,11.08,100,222652,461886
09:30:31.440,600985,11.08,100,222652,462838
09:30:31.510,600985,11.08,100,222652,463064
09:30:31.540,600985,11.09,200,463133,450606
09:30:31.540,600985,11.09,300,463133,450607
09:30:31.540,600985,11.09,100,463133,451234
09:30:31.540,600985,11.09,500,463133,455586
09:30:31.540,600985,11.09,200,463133,456814
09:30:31.540,600985,11.09,100,463133,457304
09:30:31.540,600985,11.09,100,463133,457363
09:30:31.540,600985,11.09,100,463133,457364
09:30:31.540,600985,11.09,100,463133,457393
09:30:31.540,600985,11.09,100,463133,457409
09:30:31.540,600985,11.09,100,463133,457477
09:30:31.540,600985,11.09,100,463133,457567
09:30:31.540,600985,11.09,100,463133,457569
09:30:31.540,600985,11.09,100,463133,457623
09:30:31.540,600985,11.09,700,463133,457677
09:30:31.540,600985,11.09,100,463133,457680
09:30:31.540,600985,11.09,200,463133,457691
09:30:31.540,600985,11.09,100,463133,457693
09:30:31.540,600985,11.09,100,463133,457708
09:30:31.540,600985,11.09,100,463133,457760
09:30:31.540,600985,11.09,100,463133,457833
09:30:31.540,600985,11.09,100,463133,457845
09:30:31.540,600985,11.09,100,463133,457846
09:30:31.540,600985,11.09,400,463133,458014
09:30:31.540,600985,11.09,200,463133,458029
09:30:31.540,600985,11.09,100,463133,458068
09:30:31.540,600985,11.09,500,463133,458088
09:30:31.800,600985,11.09,200,463604,458088
09:30:31.800,600985,11.09,700,463604,458091
09:30:31.800,600985,11.09,100,463604,458140
09:30:31.800,600985,11.09,700,463604,458213
09:30:31.800,600985,11.09,100,463604,458226
09:30:31.800,600985,11.09,200,463604,458244
09:30:31.870,600985,11.08,100,222652,463782
09:30:31.930,600985,11.08,100,222652,463853
09:30:32.330,600985,11.08,300,222652,464621
09:30:32.790,600985,11.09,200,465328,458244
09:30:32.790,600985,11.09,400,465328,458248
09:30:32.880,600985,11.08,100,258384,465463
09:30:33.310,600985,11.08,200,258384,466349
09:30:33.310,600985,11.08,200,258384,466476
09:30:33.310,600985,11.08,1300,264311,466476
09:30:33.310,600985,11.08,700,264311,466477
09:30:33.310,600985,11.08,2500,320168,466477
09:30:33.310,600985,11.08,2000,334506,466477
09:30:33.310,600985,11.08,800,335745,466477
09:30:33.310,600985,11.08,800,335745,466482
09:30:33.310,600985,11.08,1200,339936,466482
09:30:33.470,600985,11.08,200,339936,467693
09:30:33.470,600985,11.08,100,339936,467695
09:30:33.470,600985,11.08,100,339936,467696
09:30:33.470,600985,11.08,100,339936,467697
09:30:33.470,600985,11.08,100,339936,467698
09:30:33.500,600985,11.08,100,339936,467939
09:30:33.500,600985,11.09,200,467959,458248
09:30:33.500,600985,11.09,200,467959,458425
09:30:33.500,600985,11.09,100,467959,458439
09:30:33.570,600985,11.08,200,339936,468151
09:30:33.570,600985,11.08,200,339936,468374
09:30:34.470,600985,11.08,1900,339936,471708
09:30:34.820,600985,11.09,100,472364,458439
09:30:34.820,600985,11.09,100,472364,458652
09:30:34.820,600985,11.09,300,472364,458654
09:30:34.820,600985,11.09,100,472364,459779
09:30:34.820,600985,11.09,100,472364,460225
09:30:34.820,600985,11.09,100,472364,460850
09:30:34.820,600985,11.09,100,472364,466233
09:30:34.820,600985,11.09,200,472364,466264
09:30:34.820,600985,11.09,700,472364,466492
09:30:34.820,600985,11.09,600,472364,466493
09:30:34.820,600985,11.09,700,472364,466662
09:30:34.820,600985,11.09,100,472364,466954
09:30:34.820,600985,11.09,100,472364,467081
09:30:34.820,600985,11.09,200,472364,467209
09:30:34.820,600985,11.09,200,472364,467210
09:30:34.820,600985,11.09,200,472364,467322
09:30:34.820,600985,11.09,200,472364,467323
09:30:34.820,600985,11.09,200,472364,467326
09:30:34.820,600985,11.09,100,472364,467397
09:30:34.820,600985,11.09,100,472364,469358
09:30:34.820,600985,11.09,500,472364,471101
09:30:34.820,600985,11.09,200,472364,471102
09:30:34.820,600985,11.1,200,472364,458502
09:30:35.570,600985,11.09,100,472792,473598
09:30:35.780,600985,11.09,500,472792,473914
09:30:36.200,600985,11.08,1300,339936,474846
09:30:36.200,600985,11.08,1000,355415,474846
09:30:36.200,600985,11.08,100,473141,474846
09:30:36.200,600985,11.08,1200,474171,474846
09:30:36.200,600985,11.08,900,474171,474847
09:30:36.200,600985,11.08,2100,474171,474853
09:30:36.230,600985,11.08,100,474171,474999
09:30:36.450,600985,11.08,700,474171,476298
09:30:36.520,600985,11.08,1000,476742,476298
09:30:37.160,600985,11.07,900,3564,479632
09:30:37.500,600985,11.08,2800,480514,476298
09:30:38.050,600985,11.08,1000,481499,476298
09:30:38.140,600985,11.08,2000,481652,476298
09:30:38.420,600985,11.07,100,3564,482098
09:30:38.420,600985,11.07,600,31716,482098
09:30:38.550,600985,11.08,2100,482341,476298
09:30:38.740,600985,11.07,600,31716,482653
09:30:38.740,600985,11.07,500,38221,482653
09:30:39.180,600985,11.07,500,38221,483478
09:30:39.180,600985,11.07,400,51861,483478
09:30:39.240,600985,11.07,600,51861,483970
09:30:39.240,600985,11.07,400,114206,483970
09:30:39.240,600985,11.07,800,132896,483970
09:30:39.480,600985,11.07,1200,132896,485156
09:30:39.480,600985,11.07,700,141509,485156
09:30:40.440,600985,11.08,500,488712,476298
09:30:40.560,600985,11.07,100,141509,488951
09:30:40.730,600985,11.08,3000,489347,476298
09:30:42.210,600985,11.07,200,141509,492265
09:30:42.210,600985,11.07,700,274359,492265
09:30:42.240,600985,11.07,200,274359,492417
09:30:42.460,600985,11.07,100,274359,493496
09:30:42.760,600985,11.08,800,494809,476298
09:30:42.860,600985,11.07,100,274359,495372
09:30:42.860,600985,11.07,200,274359,495373
09:30:42.860,600985,11.07,100,274359,495374
09:30:42.860,600985,11.07,100,274359,495375
09:30:42.860,600985,11.07,300,274359,495376
09:30:42.930,600985,11.07,200,274359,495643
09:30:43.000,600985,11.07,200,274359,495873
09:30:43.000,600985,11.07,300,274359,495874
09:30:43.120,600985,11.08,100,496229,476298
09:30:43.280,600985,11.07,1800,274359,496554
09:30:43.630,600985,11.07,300,274359,497360
09:30:43.960,600985,11.07,100,274359,497907
09:30:44.050,600985,11.07,200,274359,498086
09:30:44.340,600985,11.07,100,274359,498522
09:30:44.340,600985,11.07,900,293633,498522
09:30:44.340,600985,11.07,1000,358447,498522
09:30:45.200,600985,11.07,100,358447,500204
09:30:45.240,600985,11.07,800,358447,500291
09:30:45.330,600985,11.07,1200,358447,500776
09:30:45.500,600985,11.07,100,358447,501651
09:30:45.570,600985,11.07,3000,358447,502137
09:30:45.640,600985,11.08,100,502324,478722
09:30:45.640,600985,11.08,600,502364,478722
09:30:45.640,600985,11.08,100,502407,478722
09:30:46.050,600985,11.07,2300,358447,503922
09:30:46.050,600985,11.07,6000,489485,503922
09:30:46.050,600985,11.07,100,497475,503922
09:30:46.050,600985,11.07,3400,498348,503922
09:30:46.050,600985,11.07,100,500019,503922
09:30:46.050,600985,11.07,400,500558,503922
09:30:48.120,600985,11.08,1200,507799,478722
09:30:48.120,600985,11.08,100,507799,483375
09:30:48.120,600985,11.08,100,507799,483406
09:30:48.120,600985,11.08,100,507799,483444
09:30:48.120,600985,11.08,100,507799,483522
09:30:48.120,600985,11.08,100,507799,483523
09:30:48.120,600985,11.08,100,507799,483525
09:30:48.120,600985,11.08,100,507799,483657
09:30:48.120,600985,11.08,100,507799,483658
09:30:48.120,600985,11.08,100,507799,483660
09:30:48.120,600985,11.08,100,507799,483661
09:30:48.120,600985,11.08,100,507799,483667
09:30:48.120,600985,11.08,100,507799,483696
09:30:48.120,600985,11.08,100,507799,483817
09:30:48.120,600985,11.08,200,507799,483870
09:30:48.120,600985,11.08,100,507799,483888
09:30:48.120,600985,11.08,100,507799,483916
09:30:48.120,600985,11.08,200,507799,483995
09:30:48.120,600985,11.08,300,507799,484193
09:30:48.120,600985,11.08,200,507799,484345
09:30:48.120,600985,11.08,100,507799,485153
09:30:48.120,600985,11.08,200,507799,485219
09:30:48.120,600985,11.08,100,507799,485223
09:30:48.120,600985,11.08,200,507799,485284
09:30:48.120,600985,11.08,100,507799,488397
09:30:48.120,600985,11.08,800,507799,490406
09:30:48.120,600985,11.08,500,507799,491019
09:30:48.120,600985,11.08,46000,507799,499247
09:30:48.120,600985,11.08,100,507799,499882
09:30:48.120,600985,11.08,100,507799,499940
09:30:48.120,600985,11.08,100,507799,499949
09:30:48.120,600985,11.08,100,507799,500298
09:30:48.120,600985,11.08,200,507799,500301
09:30:48.120,600985,11.08,300,507799,500302
09:30:48.120,600985,11.08,100,507799,500360
09:30:48.120,600985,11.08,100,507799,500439
09:30:48.120,600985,11.08,100,507799,500443
09:30:48.120,600985,11.08,100,507799,500534
09:30:48.120,600985,11.08,100,507799,500538
09:30:48.120,600985,11.08,100,507799,500634
09:30:48.120,600985,11.08,100,507799,500654
09:30:48.120,600985,11.08,100,507799,500655
09:30:48.120,600985,11.08,100,507799,500677
09:30:48.120,600985,11.08,100,507799,500831
09:30:48.190,600985,11.07,100,500558,507970
09:30:48.190,600985,11.07,300,504405,507970
09:30:48.350,600985,11.07,100,504405,508893
09:30:48.420,600985,11.07,1400,504405,509225
09:30:48.620,600985,11.07,800,510196,509225
09:30:48.620,600985,11.07,200,510197,509225
09:30:48.770,600985,11.07,600,510939,509225
09:30:48.920,600985,11.07,1000,511552,509225
09:30:49.220,600985,11.07,500,512231,509225
09:30:49.220,600985,11.07,6600,512244,509225
09:30:50.580,600985,11.07,1000,514718,509225
09:30:50.690,600985,11.07,2000,514875,509225
09:30:51.080,600985,11.07,21300,515492,509225
09:30:51.080,600985,11.07,600,515492,509560
09:30:51.080,600985,11.07,2000,515492,511663
09:30:51.080,600985,11.07,100,515492,512107
09:30:51.080,600985,11.07,100,515492,512120
09:30:51.080,600985,11.07,100,515492,512151
09:30:51.080,600985,11.07,100,515492,512836
09:30:51.080,600985,11.07,100,515492,512915
09:30:51.080,600985,11.07,100,515492,512916
09:30:51.080,600985,11.07,100,515492,512922
09:30:51.080,600985,11.07,100,515492,512929
09:30:51.080,600985,11.07,100,515492,513691
09:30:51.080,600985,11.07,600,515493,513903
09:30:51.080,600985,11.07,100,515493,515097
09:30:51.080,600985,11.07,100,515493,515098
09:30:51.080,600985,11.07,100,515493,515099
09:30:51.110,600985,11.07,1700,515547,515522
09:30:51.150,600985,11.08,100,515655,512735
09:30:51.950,600985,11.08,500,515655,518696
09:30:51.950,600985,11.08,1000,517617,518696
09:30:52.410,600985,11.08,1000,517617,519971
09:30:54.660,600985,11.09,100,524661,473914
09:30:54.690,600985,11.09,100,524728,473914
09:30:57.100,600985,11.09,100,530142,473914
09:30:57.100,600985,11.08,900,517617,530234
09:30:57.130,600985,11.08,600,517617,530326
09:30:57.170,600985,11.09,100,530631,473914
09:30:57.200,600985,11.08,800,517617,530705
09:30:57.200,600985,11.08,100,517617,530708
09:30:57.200,600985,11.08,900,517617,530711
09:30:57.340,600985,11.09,100,531325,473914
09:30:58.710,600985,11.09,1000,534625,473914
09:30:59.160,600985,11.08,400,517617,535534
09:31:00.080,600985,11.08,200,517617,537257
09:31:00.080,600985,11.08,200,517617,537258
09:31:00.080,600985,11.08,200,517617,537262
09:31:00.120,600985,11.08,400,517617,537330
09:31:00.120,600985,11.08,100,517617,537331
09:31:00.120,600985,11.08,100,517617,537336
09:31:00.250,600985,11.08,800,517617,538127
09:31:00.250,600985,11.08,300,517617,538128
09:31:00.250,600985,11.08,500,517617,538133
09:31:00.250,600985,11.08,100,517617,538180
09:31:00.250,600985,11.08,300,517617,538181
09:31:00.420,600985,11.08,1100,517617,539064
09:31:00.420,600985,11.08,100,525825,539064
09:31:00.420,600985,11.08,1800,529114,539064
09:31:00.730,600985,11.09,100,540150,473914
09:31:00.830,600985,11.09,100,540524,473914
09:31:00.830,600985,11.09,100,540524,536048
09:31:00.970,600985,11.1,100,541006,458502
09:31:01.190,600985,11.1,100,541617,458502
09:31:01.440,600985,11.1,100,542384,458502
09:31:02.690,600985,11.09,100,543285,545768
09:31:02.690,600985,11.08,700,529114,545768
09:31:03.090,600985,11.08,100,529114,546412
09:31:03.240,600985,11.08,100,529114,547482
09:31:05.040,600985,11.09,300,553701,553978
09:31:05.040,600985,11.08,500,529114,553978
09:31:05.810,600985,11.08,700,539071,555651
09:31:05.810,600985,11.08,3000,539829,555651
09:31:05.810,600985,11.08,800,541810,555651
09:31:06.080,600985,11.08,200,541810,556169
09:31:06.080,600985,11.08,200,543633,556169
09:31:06.080,600985,11.08,200,543633,556170
09:31:06.280,600985,11.08,600,543633,557176
09:31:08.920,600985,11.1,100,564170,556709
09:31:08.920,600985,11.1,100,564170,556713
09:31:08.920,600985,11.1,100,564170,559604
09:31:09.230,600985,11.1,100,564170,564990
09:31:09.230,600985,11.1,100,564170,564993
09:31:09.260,600985,11.1,100,564170,565321
09:31:09.260,600985,11.1,100,564170,565322
09:31:09.260,600985,11.1,100,564170,565323
09:31:09.260,600985,11.1,100,564170,565324
09:31:09.260,600985,11.1,100,564170,565325
09:31:09.260,600985,11.1,100,564170,565326
09:31:09.260,600985,11.1,100,564170,565327
09:31:09.260,600985,11.1,100,564170,565328
09:31:09.260,600985,11.1,100,564170,565329
09:31:09.260,600985,11.1,100,564170,565330
09:31:09.260,600985,11.1,100,564170,565331
09:31:09.260,600985,11.1,200,564170,565332
09:31:09.260,600985,11.1,100,564170,565352
09:31:09.260,600985,11.1,100,564170,565380
09:31:09.260,600985,11.1,100,564170,565381
09:31:09.260,600985,11.1,100,564170,565382
09:31:09.260,600985,11.1,100,564170,565383
09:31:09.300,600985,11.09,100,559882,565546
09:31:09.370,600985,11.09,100,559882,565851
09:31:09.370,600985,11.09,100,559882,565852
09:31:09.370,600985,11.09,100,559882,565853
09:31:09.400,600985,11.09,100,559882,565958
09:31:09.400,600985,11.09,100,559882,566032
09:31:09.400,600985,11.09,100,559882,566033
09:31:09.400,600985,11.09,100,559882,566034
09:31:09.440,600985,11.09,100,559882,566222
09:31:09.440,600985,11.09,100,559882,566223
09:31:09.440,600985,11.09,100,559882,566245
09:31:09.540,600985,11.09,400,559882,566711
09:31:09.670,600985,11.09,400,559882,567559
09:31:09.770,600985,11.11,1600,567982,438511
09:31:09.770,600985,11.11,1500,567982,439402
09:31:09.770,600985,11.11,400,567982,440152
09:31:09.770,600985,11.11,100,567982,440180
09:31:09.770,600985,11.11,1000,567982,440182
09:31:09.770,600985,11.11,200,567982,440527
09:31:09.770,600985,11.11,1200,567982,440528
09:31:09.770,600985,11.11,1700,567982,440529
09:31:09.770,600985,11.11,1400,567982,440530
09:31:09.770,600985,11.11,500,567982,440531
09:31:09.770,600985,11.11,100,567982,440592
09:31:09.770,600985,11.11,2200,567982,440593
09:31:09.770,600985,11.11,300,567982,440594
09:31:09.770,600985,11.11,300,567982,440596
09:31:09.770,600985,11.11,1100,567982,441801
09:31:09.770,600985,11.11,2600,567982,442179
09:31:09.770,600985,11.11,3600,567982,442544
09:31:09.770,600985,11.11,3900,567982,444529
09:31:09.770,600985,11.11,2000,567982,550921
09:31:09.770,600985,11.11,2000,567982,551062
09:31:09.770,600985,11.11,1000,567982,558744
09:31:09.770,600985,11.11,1000,567982,559806
09:31:09.770,600985,11.11,1000,567982,559847
09:31:09.770,600985,11.11,4400,567982,560999
09:31:09.840,600985,11.11,4100,567982,568123
09:31:09.960,600985,11.11,100,567982,568402
09:31:10.240,600985,11.11,700,567982,569049
09:31:10.360,600985,11.11,3100,567982,569250
09:31:10.610,600985,11.11,900,567982,569804
09:31:10.610,600985,11.11,3500,567982,569806
09:31:12.130,600985,11.11,800,567982,572568
09:31:12.540,600985,11.11,500,567982,575000
09:31:13.600,600985,11.11,800,567982,578420
09:31:13.750,600985,11.11,1500,567982,578698
09:31:13.840,600985,11.11,1000,567982,578829
09:31:13.930,600985,11.11,1400,567982,579007
09:31:14.140,600985,11.11,600,567982,579288
09:31:14.140,600985,11.11,1000,567982,579294
09:31:14.140,600985,11.11,500,567982,579307
09:31:14.200,600985,11.11,3400,567982,579436
09:31:14.200,600985,11.11,1600,567982,579437
09:31:14.200,600985,11.11,1200,567982,579438
09:31:14.200,600985,11.11,3200,567982,579446
09:31:14.230,600985,11.11,900,567982,579470
09:31:14.260,600985,11.11,1300,567982,579534
09:31:14.260,600985,11.11,1000,567982,579543
09:31:14.260,600985,11.11,1400,567982,579560
09:31:14.260,600985,11.11,2300,567982,579564
09:31:14.320,600985,11.11,5000,567982,579599
09:31:14.320,600985,11.11,2600,567982,579603
09:31:14.350,600985,11.11,900,567982,579671
09:31:14.350,600985,11.11,500,567982,579672
09:31:14.350,600985,11.11,600,567982,579673
09:31:14.350,600985,11.11,1000,567982,579674
09:31:14.350,600985,11.11,1200,567982,579675
09:31:14.350,600985,11.11,1900,567982,579676
09:31:14.350,600985,11.11,1200,567982,579683
09:31:14.350,600985,11.11,1000,567982,579684
09:31:14.350,600985,11.11,900,567982,579685
09:31:14.350,600985,11.11,1900,567982,579686
09:31:14.350,600985,11.11,900,567982,579687
09:31:14.350,600985,11.11,2400,567982,579690
09:31:14.350,600985,11.11,800,567982,579691
09:31:14.380,600985,11.11,1000,567982,579783
09:31:14.430,600985,11.11,3000,567982,579855
09:31:14.490,600985,11.11,900,567982,579927
09:31:14.490,600985,11.11,400,567982,579928
09:31:15.190,600985,11.1,100,575112,581295
09:31:17.520,600985,11.1,100,588174,581390
09:31:17.520,600985,11.1,100,588174,581400
09:31:17.520,600985,11.1,100,588174,581672
09:31:17.520,600985,11.1,100,588174,581764
09:31:17.520,600985,11.1,100,588174,581960
09:31:17.520,600985,11.1,100,588174,582121
09:31:17.520,600985,11.1,100,588174,582125
09:31:17.520,600985,11.1,100,588174,582126
09:31:17.520,600985,11.1,100,588174,582127
09:31:17.520,600985,11.1,100,588174,582148
09:31:17.520,600985,11.1,100,588174,582269
09:31:17.520,600985,11.1,100,588174,582313
09:31:17.520,600985,11.1,100,588174,582314
09:31:17.520,600985,11.1,100,588174,582375
09:31:17.520,600985,11.1,100,588174,582424
09:31:17.520,600985,11.1,100,588174,582425
09:31:17.520,600985,11.1,100,588174,582426
09:31:17.520,600985,11.1,100,588174,582505
09:31:17.520,600985,11.1,100,588174,583272
09:31:17.520,600985,11.1,100,588174,583363
09:31:17.520,600985,11.1,100,588174,583368
09:31:17.520,600985,11.1,100,588174,583427
09:31:17.520,600985,11.1,100,588174,583442
09:31:17.520,600985,11.1,100,588174,583443
09:31:17.520,600985,11.1,100,588174,583444
09:31:17.520,600985,11.1,100,588174,583445
09:31:18.150,600985,11.09,100,559882,589238
09:31:18.250,600985,11.09,100,559882,589579
09:31:18.250,600985,11.09,100,559882,589595
09:31:18.250,600985,11.09,100,559882,589597
09:31:18.250,600985,11.09,100,559882,589612
09:31:18.250,600985,11.09,100,559882,589622
09:31:18.280,600985,11.09,200,559882,590031
09:31:18.280,600985,11.09,100,559882,590062
09:31:18.280,600985,11.09,100,559882,590063
09:31:18.280,600985,11.09,100,559882,590064
09:31:18.280,600985,11.09,100,560906,590065
09:31:18.280,600985,11.09,200,568884,590066
09:31:18.280,600985,11.09,100,568884,590067
09:31:18.280,600985,11.09,100,568884,590068
09:31:18.280,600985,11.09,100,568884,590069
09:31:18.280,600985,11.09,100,568884,590078
09:31:18.280,600985,11.09,100,568884,590090
09:31:18.280,600985,11.09,100,568884,590095
09:31:18.280,600985,11.09,100,568884,590193
09:31:18.280,600985,11.09,100,568884,590194
09:31:18.280,600985,11.09,100,568884,590216
09:31:18.330,600985,11.09,100,568884,590260
09:31:18.330,600985,11.09,300,568884,590262
09:31:18.330,600985,11.09,100,568884,590263
09:31:18.330,600985,11.09,400,568884,590291
09:31:18.330,600985,11.09,100,573757,590307
09:31:18.330,600985,11.09,100,573757,590313
09:31:18.330,600985,11.09,100,573757,590322
09:31:18.330,600985,11.09,600,573757,590354
09:31:18.330,600985,11.09,100,573757,590492
09:31:19.620,600985,11.08,500,543633,594579
09:31:19.620,600985,11.08,500,543633,594587
09:31:20.860,600985,11.09,200,596925,590506
09:31:20.860,600985,11.09,100,596925,590507
09:31:20.860,600985,11.09,100,596925,590508
09:31:20.860,600985,11.09,100,596925,590944
09:31:20.860,600985,11.09,100,596925,590951
09:31:20.860,600985,11.09,200,596925,591214
09:31:20.860,600985,11.09,100,596925,591225
09:31:20.860,600985,11.09,100,596925,591281
09:31:20.860,600985,11.09,100,596925,591282
09:31:20.860,600985,11.09,100,596925,591283
09:31:20.860,600985,11.09,100,596925,591284
09:31:20.860,600985,11.09,100,596925,591288
09:31:20.860,600985,11.09,100,596925,591339
09:31:20.860,600985,11.09,100,596925,591347
09:31:20.860,600985,11.09,100,596925,591355
09:31:20.860,600985,11.09,100,596925,591356
09:31:20.860,600985,11.09,100,596925,591357
09:31:20.860,600985,11.09,200,596925,591358
09:31:20.860,600985,11.09,100,596925,591388
09:31:20.860,600985,11.09,100,596925,591513
09:31:20.860,600985,11.09,100,596925,591738
09:31:20.860,600985,11.09,100,596925,591842
09:31:20.860,600985,11.09,200,596925,591843
09:31:20.860,600985,11.09,100,596925,591844
09:31:20.860,600985,11.09,100,596925,591845
09:31:20.860,600985,11.09,100,596925,591846
09:31:20.860,600985,11.09,100,596925,591847
09:31:20.860,600985,11.09,200,596925,591990
09:31:20.860,600985,11.09,100,596925,593232
09:31:20.860,600985,11.09,100,596925,593303
09:31:20.860,600985,11.09,100,596925,593569
09:31:20.860,600985,11.09,100,596925,593570
09:31:20.860,600985,11.09,100,596925,593571
09:31:20.860,600985,11.09,100,596925,593572
09:31:20.860,600985,11.09,200,596925,595189
09:31:20.860,600985,11.09,100,596925,595448
09:31:20.860,600985,11.09,100,596925,595449
09:31:21.160,600985,11.09,100,596925,597506
09:31:21.160,600985,11.09,100,596925,597534
09:31:21.160,600985,11.09,100,596925,597603
09:31:21.160,600985,11.09,100,596925,597607
09:31:21.190,600985,11.09,100,596925,597833
09:31:21.190,600985,11.09,100,596925,597843
09:31:21.220,600985,11.09,100,596925,597893
09:31:21.220,600985,11.09,100,596925,597895
09:31:21.220,600985,11.09,100,596925,597900
09:31:21.260,600985,11.09,100,596925,598011
09:31:21.260,600985,11.09,100,596925,598168
09:31:21.260,600985,11.09,100,596925,598191
09:31:21.260,600985,11.09,100,596925,598342
09:31:21.260,600985,11.09,100,596925,598365
09:31:21.260,600985,11.09,100,596925,598373
09:31:21.290,600985,11.09,1200,596925,598413
09:31:21.290,600985,11.09,1500,597239,598413
09:31:21.290,600985,11.09,100,597239,598489
09:31:21.290,600985,11.09,100,597239,598520
09:31:21.290,600985,11.08,100,543633,598520
09:31:21.290,600985,11.08,200,543633,598522
09:31:21.930,600985,11.09,100,601200,598568
09:31:21.930,600985,11.09,100,601200,598613
09:31:21.930,600985,11.09,100,601200,598643
09:31:21.930,600985,11.09,100,601200,598721
09:31:21.930,600985,11.09,100,601200,598726
09:31:21.930,600985,11.09,100,601200,598727
09:31:21.930,600985,11.09,100,601200,598729
09:31:21.930,600985,11.09,100,601200,598730
09:31:21.930,600985,11.09,100,601200,598748
09:31:21.930,600985,11.09,100,601200,598913
09:31:22.000,600985,11.09,100,601450,598914
09:31:22.200,600985,11.09,200,601803,598915
09:31:22.200,600985,11.09,100,601803,598916
09:31:22.200,600985,11.09,100,601803,598917
09:31:22.200,600985,11.09,100,601803,598918
09:31:22.200,600985,11.09,100,601803,598919
09:31:22.200,600985,11.09,100,601803,598920
09:31:22.200,600985,11.09,100,601803,598927
09:31:22.200,600985,11.09,100,601803,598928
09:31:22.200,600985,11.09,100,601803,599193
09:31:22.200,600985,11.09,300,601803,599229
09:31:22.200,600985,11.09,100,601803,599652
09:31:22.200,600985,11.09,100,601803,599749
09:31:22.200,600985,11.09,100,601803,599750
09:31:22.200,600985,11.09,100,601803,599817
09:31:22.200,600985,11.09,100,601803,599818
09:31:22.200,600985,11.09,100,601803,599831
09:31:22.200,600985,11.09,100,601803,599832
09:31:22.290,600985,11.08,200,543633,602018
09:31:22.290,600985,11.08,100,543633,602019
09:31:22.290,600985,11.08,100,546188,602019
09:31:22.290,600985,11.08,200,546188,602020
09:31:22.290,600985,11.08,200,546188,602021
09:31:24.170,600985,11.08,500,546188,605413
09:31:24.170,600985,11.08,500,548286,605413
09:31:24.170,600985,11.08,900,552185,605413
09:31:24.270,600985,11.08,100,552185,605650
09:31:24.270,600985,11.08,700,553919,605650
09:31:24.270,600985,11.08,300,553919,605651
09:31:24.270,600985,11.08,500,563171,605651
09:31:24.270,600985,11.08,900,563171,605652
09:31:24.270,600985,11.08,100,563171,605747
09:31:24.270,600985,11.08,1300,563171,605752
09:31:24.270,600985,11.08,700,563171,605753
09:31:24.270,600985,11.08,500,563171,605829
09:31:24.270,600985,11.08,2300,563171,605834
09:31:24.270,600985,11.08,300,563171,605836
09:31:24.270,600985,11.08,400,563171,605837
09:31:24.270,600985,11.08,1100,563359,605837
09:31:24.270,600985,11.08,400,563359,605838
09:31:24.270,600985,11.08,400,564088,605838
09:31:24.270,600985,11.08,100,564088,605840
09:31:24.270,600985,11.08,300,567221,605840
09:31:24.270,600985,11.08,100,567221,605902
09:31:24.300,600985,11.08,400,567221,606031
09:31:24.300,600985,11.08,200,567221,606032
09:31:24.300,600985,11.08,200,567955,606032
09:31:24.300,600985,11.08,1700,567955,606033
09:31:24.300,600985,11.08,100,567955,606036
09:31:24.300,600985,11.08,100,569003,606036
09:31:24.300,600985,11.08,300,571817,606036
09:31:24.300,600985,11.08,200,571817,606037
09:31:24.300,600985,11.08,300,572222,606037
09:31:24.300,600985,11.08,200,572222,606039
09:31:24.300,600985,11.08,100,585017,606039
09:31:24.300,600985,11.08,200,585017,606040
09:31:24.300,600985,11.08,400,585017,606041
09:31:24.340,600985,11.08,400,585017,606313
09:31:24.340,600985,11.08,2000,585073,606313
09:31:24.340,600985,11.08,2000,586189,606313
09:31:24.340,600985,11.08,1000,588256,606313
09:31:24.440,600985,11.08,100,595308,606566
09:31:24.480,600985,11.09,100,606791,599838
09:31:24.510,600985,11.08,200,595308,607030
09:31:24.550,600985,11.08,400,595308,607067
09:31:24.550,600985,11.08,1600,595308,607094
09:31:24.550,600985,11.08,900,604478,607099
09:31:24.550,600985,11.08,100,604478,607108
09:31:24.550,600985,11.08,100,604478,607109
09:31:24.550,600985,11.08,200,604478,607144
09:31:24.550,600985,11.08,500,604478,607145
09:31:24.550,600985,11.08,100,604478,607148
09:31:24.550,600985,11.08,700,604478,607176
09:31:24.550,600985,11.08,200,604478,607184
09:31:24.550,600985,11.08,400,604478,607197
09:31:24.550,600985,11.08,400,605403,607197
09:31:24.740,600985,11.08,300,607951,607197
09:31:24.740,600985,11.08,600,607951,607198
09:31:24.740,600985,11.08,200,607951,607204
09:31:25.030,600985,11.08,400,608691,607204
09:31:25.030,600985,11.08,400,608691,607214
09:31:25.030,600985,11.08,200,608691,607223
09:31:25.030,600985,11.08,600,608691,607266
09:31:25.030,600985,11.08,300,608691,607725
09:31:26.130,600985,11.07,100,518491,611193
09:31:26.130,600985,11.07,200,519301,611193
09:31:26.560,600985,11.08,1100,611873,607725
09:31:27.190,600985,11.08,100,613100,607725
09:31:27.190,600985,11.08,300,613100,607786
09:31:27.190,600985,11.08,100,613100,607787
09:31:27.230,600985,11.07,200,519301,613155
09:31:27.230,600985,11.07,600,519301,613156
09:31:27.230,600985,11.07,500,519978,613157
09:31:27.230,600985,11.07,1800,519978,613158
09:31:27.230,600985,11.07,2800,519978,613159
09:31:27.230,600985,11.07,100,519978,613160
09:31:27.230,600985,11.07,400,519978,613161
09:31:27.230,600985,11.07,2100,519978,613257
09:31:27.230,600985,11.07,1000,519978,613295
09:31:27.230,600985,11.07,1000,519978,613309
09:31:27.340,600985,11.08,100,613658,607787
09:31:27.340,600985,11.08,300,613658,607788
09:31:27.340,600985,11.08,200,613658,607789
09:31:27.340,600985,11.08,1200,613658,607790
09:31:27.340,600985,11.08,100,613658,607791
09:31:27.340,600985,11.08,800,613658,608654
09:31:27.340,600985,11.08,200,613658,608704
09:31:27.340,600985,11.08,300,613658,608705
09:31:27.340,600985,11.08,1000,613658,608706
09:31:27.340,600985,11.08,200,613658,608710
09:31:27.340,600985,11.08,300,613658,609076
09:31:27.340,600985,11.08,100,613658,609103
09:31:27.340,600985,11.08,900,613658,609452
09:31:27.340,600985,11.08,1200,613658,610624
09:31:27.340,600985,11.08,1100,613658,610625
09:31:27.340,600985,11.08,800,613658,610658
09:31:27.340,600985,11.08,1200,613658,611124
09:31:27.340,600985,11.07,1300,519978,613713
09:31:27.340,600985,11.07,900,519978,613715
09:31:27.340,600985,11.07,200,519978,613757
09:31:27.340,600985,11.07,400,519978,613758
09:31:27.340,600985,11.07,300,519978,613759
09:31:27.370,600985,11.07,2000,519978,613921
09:31:27.370,600985,11.07,5200,519978,613922
09:31:27.370,600985,11.07,2000,521990,613922
09:31:27.370,600985,11.07,500,522391,613922
09:31:27.370,600985,11.07,100,522391,613948
09:31:27.370,600985,11.07,300,522391,613949
09:31:27.370,600985,11.07,1400,531745,613949
09:31:27.370,600985,11.07,100,531745,613956
09:31:27.480,600985,11.07,100,531745,614341
09:31:27.480,600985,11.07,1200,538889,614341
09:31:27.480,600985,11.07,800,538889,614342
09:31:27.670,600985,11.07,500,539983,614921
09:31:27.670,600985,11.07,200,551261,614921
09:31:27.670,600985,11.07,200,554744,614921
09:31:27.670,600985,11.07,200,554744,615068
09:31:27.670,600985,11.07,200,554744,615069
09:31:27.670,600985,11.07,400,554744,615070
09:31:27.670,600985,11.07,100,556769,615070
09:31:27.670,600985,11.07,700,559017,615070
09:31:27.670,600985,11.07,300,559017,615071
09:31:27.670,600985,11.07,300,559017,615072
09:31:27.670,600985,11.07,100,559017,615073
09:31:27.670,600985,11.07,200,559017,615078
09:31:27.670,600985,11.07,300,559017,615079
09:31:27.670,600985,11.07,100,559017,615136
09:31:27.670,600985,11.07,1000,571729,615136
09:31:27.670,600985,11.07,100,572467,615136
09:31:27.670,600985,11.07,100,578695,615136
09:31:27.670,600985,11.07,700,580457,615136
09:31:27.670,600985,11.07,300,580457,615171
09:31:27.670,600985,11.07,200,597014,615171
09:31:27.710,600985,11.07,100,597014,615263
09:31:27.710,600985,11.07,100,597014,615266
09:31:27.710,600985,11.07,100,597014,615285
09:31:27.710,600985,11.07,100,615332,615291
09:31:27.710,600985,11.07,300,615332,615292
09:31:27.710,600985,11.07,1000,615332,615295
09:31:27.710,600985,11.07,600,615332,615302
09:31:27.840,600985,11.07,1200,615815,615302
09:31:28.430,600985,11.07,900,617408,615302
09:31:28.430,600985,11.07,400,617408,615304
09:31:28.430,600985,11.07,200,617408,615306
09:31:29.060,600985,11.07,400,618584,615306
09:31:29.060,600985,11.07,500,618584,615335
09:31:29.060,600985,11.07,100,618584,615342
09:31:29.370,600985,11.07,100,619110,615342
09:31:29.400,600985,11.07,900,619143,615342
09:31:29.400,600985,11.07,700,619143,615351
09:31:29.400,600985,11.07,400,619143,615362
09:31:29.400,600985,11.07,100,619143,615384
09:31:29.400,600985,11.07,100,619143,615385
09:31:29.400,600985,11.07,600,619143,615398
09:31:29.400,600985,11.07,800,619143,615449
09:31:29.400,600985,11.07,100,619143,615527
09:31:30.320,600985,11.06,400,5718,621030
09:31:30.320,600985,11.06,600,5718,621033
09:31:30.320,600985,11.06,100,21449,621033
09:31:30.320,600985,11.06,2600,32012,621033
09:31:30.390,600985,11.06,1300,32012,621467
09:31:30.530,600985,11.07,1200,622036,615527
09:31:30.530,600985,11.07,1000,622036,615606
09:31:30.530,600985,11.07,500,622036,615662
09:31:30.530,600985,11.07,1200,622036,615673
09:31:30.530,600985,11.07,300,622036,615675
09:31:30.530,600985,11.07,300,622036,615681
09:31:30.530,600985,11.07,200,622036,615682
09:31:30.530,600985,11.07,600,622036,615684
09:31:30.530,600985,11.07,700,622036,615783
09:31:30.530,600985,11.07,1800,622036,615932
09:31:30.530,600985,11.07,1100,622036,616020
09:31:30.530,600985,11.07,1100,622036,616817
09:31:30.560,600985,11.06,1100,32012,622061
09:31:30.560,600985,11.06,200,64178,622061
09:31:30.560,600985,11.06,2300,64178,622062
09:31:30.590,600985,11.06,1800,64178,622148
09:31:30.630,600985,11.07,200,622384,616817
09:31:30.630,600985,11.07,200,622384,616927
09:31:30.680,600985,11.06,1600,64178,622645
09:31:30.790,600985,11.07,800,623076,616927
09:31:30.790,600985,11.07,1200,623076,617387
09:31:31.130,600985,11.07,500,623879,617636
09:31:32.000,600985,11.07,900,625731,617636
09:31:32.000,600985,11.07,100,625731,619001
09:31:32.910,600985,11.07,1000,627086,619001
09:31:33.210,600985,11.07,200,627925,619001
09:31:33.210,600985,11.07,1300,627925,619104
09:31:33.210,600985,11.07,1400,627925,619657
09:31:33.210,600985,11.07,100,627925,620245
09:31:33.310,600985,11.06,1700,64178,628357
09:31:33.380,600985,11.06,400,64178,628762
09:31:33.610,600985,11.06,600,71861,629606
09:31:33.710,600985,11.07,100,629912,620483
09:31:33.710,600985,11.07,100,629912,620504
09:31:33.710,600985,11.07,100,629912,620637
09:31:33.710,600985,11.07,200,629912,620663
09:31:33.710,600985,11.07,300,629912,620671
09:31:33.710,600985,11.07,100,629912,620754
09:31:33.710,600985,11.07,100,629912,620777
09:31:33.710,600985,11.07,100,629912,620782
09:31:34.080,600985,11.06,300,71861,630889
09:31:34.110,600985,11.07,100,631046,620785
09:31:34.110,600985,11.07,100,631046,620788
09:31:34.110,600985,11.07,100,631046,620895
09:31:34.110,600985,11.07,100,631046,620897
09:31:34.110,600985,11.07,200,631046,621017
09:31:34.110,600985,11.07,100,631046,621364
09:31:34.110,600985,11.07,100,631046,621392
09:31:34.110,600985,11.07,200,631046,621797
09:31:34.210,600985,11.06,300,71861,631338
09:31:34.210,600985,11.06,400,92991,631338
09:31:34.400,600985,11.06,800,92991,631787
09:31:34.580,600985,11.06,3400,92991,632099
09:31:34.580,600985,11.06,700,97035,632099
09:31:35.740,600985,11.07,1000,634043,626393
09:31:35.960,600985,11.06,900,97035,634359
09:31:35.960,600985,11.06,400,97035,634360
09:31:35.960,600985,11.06,100,97035,634361
09:31:35.960,600985,11.06,2200,97035,634372
09:31:35.960,600985,11.06,5000,97035,634373
09:31:36.180,600985,11.06,500,97035,634963
09:31:36.290,600985,11.06,1500,97035,635495
09:31:36.290,600985,11.06,400,101626,635495
09:31:36.290,600985,11.06,100,101626,635496
09:31:36.290,600985,11.06,500,125102,635496
09:31:36.290,600985,11.06,400,134288,635496
09:31:36.290,600985,11.06,300,136632,635496
09:31:36.290,600985,11.06,800,142292,635496
09:31:36.290,600985,11.06,700,142292,635497
09:31:36.290,600985,11.06,200,148510,635497
09:31:36.290,600985,11.06,500,150272,635497
09:31:36.290,600985,11.06,400,150272,635500
09:31:36.290,600985,11.06,800,150272,635517
09:31:36.290,600985,11.06,100,153250,635517
09:31:36.290,600985,11.06,400,171119,635517
09:31:36.290,600985,11.06,700,181355,635517
09:31:36.460,600985,11.06,1100,181355,636224
09:31:36.460,600985,11.06,300,181355,636225
09:31:36.530,600985,11.07,1600,636536,626393
09:31:36.530,600985,11.07,300,636536,626490
09:31:36.690,600985,11.07,200,637164,626490
09:31:36.690,600985,11.07,100,637164,626713
09:31:36.830,600985,11.07,100,637395,626713
09:31:36.830,600985,11.07,100,637395,626714
09:31:36.830,600985,11.07,100,637395,628025
09:31:36.830,600985,11.07,200,637395,628234
09:31:36.830,600985,11.07,100,637395,628238
09:31:36.830,600985,11.07,100,637395,628277
09:31:36.830,600985,11.07,300,637395,628756
09:31:37.130,600985,11.07,500,637936,628756
09:31:37.630,600985,11.07,2800,639063,628756
09:31:37.630,600985,11.07,200,639063,632962
09:31:37.750,600985,11.07,1000,639287,632962
09:31:37.780,600985,11.06,600,181355,639396
09:31:37.840,600985,11.06,2100,181355,639504
09:31:38.030,600985,11.06,4400,181355,639829
09:31:38.120,600985,11.07,300,640001,632962
09:31:38.120,600985,11.07,100,640001,634968
09:31:38.120,600985,11.07,100,640001,635064
09:31:38.120,600985,11.07,100,640001,635243
09:31:38.120,600985,11.07,100,640001,635662
09:31:38.120,600985,11.07,100,640001,635764
09:31:38.120,600985,11.07,100,640001,635865
09:31:38.120,600985,11.07,100,640001,636462
09:31:38.610,600985,11.07,1900,640831,639621
09:31:38.980,600985,11.07,600,640831,641370
09:31:39.220,600985,11.07,100,640831,642111
09:31:39.220,600985,11.07,200,640831,642112
09:31:39.290,600985,11.07,3000,640831,642382
09:31:39.500,600985,11.07,3300,640831,643305
09:31:39.640,600985,11.07,900,640831,643843
09:31:39.640,600985,11.07,500,641827,643843
09:31:39.640,600985,11.07,2800,643346,643843
09:31:39.780,600985,11.08,1200,644203,611124
09:31:39.780,600985,11.08,100,644203,613425
09:31:39.780,600985,11.08,100,644203,613527
09:31:39.780,600985,11.08,200,644203,613952
09:31:39.780,600985,11.08,300,644203,613962
09:31:39.780,600985,11.08,100,644203,614362
09:31:40.050,600985,11.07,100,643346,644733
09:31:40.150,600985,11.07,2000,643346,644881
09:31:42.500,600985,11.07,100,643346,650204
09:31:42.730,600985,11.07,4200,643346,651132
09:31:42.760,600985,11.07,500,643346,651186
09:31:43.530,600985,11.07,1200,643346,652992
09:31:45.210,600985,11.07,200,643346,656128
09:31:45.210,600985,11.07,400,643346,656129
09:31:45.580,600985,11.08,100,657669,615548
09:31:45.580,600985,11.08,100,657669,615902
09:31:45.580,600985,11.08,200,657669,617497
09:31:45.580,600985,11.08,1400,657669,617783
09:31:45.580,600985,11.08,200,657669,618393
09:31:45.580,600985,11.08,200,657669,619202
09:31:45.580,600985,11.08,800,657669,619633
09:31:45.610,600985,11.07,1200,643346,657848
09:31:45.610,600985,11.07,700,643346,657850
09:31:45.640,600985,11.08,400,658016,619633
09:31:45.770,600985,11.07,2300,643346,658494
09:31:45.770,600985,11.07,1600,643346,658495
09:31:45.770,600985,11.07,1800,643346,658598
09:31:45.800,600985,11.07,900,643346,658653
09:31:45.800,600985,11.07,3400,644170,658653
09:31:47.980,600985,11.08,1400,662784,619633
09:31:47.980,600985,11.08,100,662784,642643
09:31:47.980,600985,11.08,100,662784,643287
09:31:47.980,600985,11.08,4400,662784,647148
09:31:47.980,600985,11.08,100,662784,648667
09:31:47.980,600985,11.08,100,662784,649066
09:31:47.980,600985,11.08,100,662784,649209
09:31:47.980,600985,11.08,100,662784,649286
09:31:47.980,600985,11.08,100,662784,649930
09:31:47.980,600985,11.08,100,662784,650186
09:31:47.980,600985,11.08,600,662784,655428
09:31:47.980,600985,11.08,100,662784,655868
09:31:47.980,600985,11.08,100,662784,655871
09:31:47.980,600985,11.08,500,662784,656363
09:31:47.980,600985,11.08,100,662784,656408
09:31:47.980,600985,11.08,100,662784,657374
09:31:49.130,600985,11.08,200,662784,666831
09:31:49.250,600985,11.08,1300,662784,667112
09:31:49.400,600985,11.08,2700,662784,667435
09:31:50.090,600985,11.08,2000,662784,668557
09:31:51.030,600985,11.08,800,662784,670029
09:31:51.090,600985,11.08,300,662784,670137
09:31:51.160,600985,11.08,300,662784,670353
09:31:51.160,600985,11.08,200,662784,670354
09:31:51.250,600985,11.08,200,662784,670636
09:31:51.250,600985,11.08,100,662784,670684
09:31:51.250,600985,11.08,200,662784,670685
09:31:51.280,600985,11.08,2300,662784,670875
09:31:51.590,600985,11.08,400,662784,672142
09:31:51.820,600985,11.08,2100,662784,672973
09:31:52.280,600985,11.08,9000,662784,673902
09:31:54.130,600985,11.08,200,662784,676771
09:31:54.130,600985,11.08,300,662784,676772
09:31:54.190,600985,11.09,100,676988,604686
09:31:54.190,600985,11.09,100,676988,605237
09:31:54.190,600985,11.09,100,676988,606522
09:31:54.190,600985,11.09,100,676988,609019
09:31:54.190,600985,11.09,400,676988,613719
09:31:54.190,600985,11.09,1200,676988,620582
09:31:54.220,600985,11.08,500,662784,677145
09:31:54.260,600985,11.08,700,662784,677245
09:31:54.580,600985,11.09,100,678513,620582
09:31:54.580,600985,11.09,300,678513,626907
09:31:54.580,600985,11.09,1300,678513,629100
09:31:54.580,600985,11.09,100,678513,671456
09:31:54.580,600985,11.09,2300,678513,672869
09:31:54.580,600985,11.09,1700,678513,673388
09:31:54.720,600985,11.09,400,678513,679053
09:31:54.840,600985,11.09,1300,678513,679409
09:31:54.880,600985,11.09,200,678513,679459
09:31:55.000,600985,11.09,200,678513,679750
09:31:55.200,600985,11.09,2100,678513,680274
09:31:55.290,600985,11.08,700,662784,680441
09:31:55.290,600985,11.08,1100,662784,680442
09:31:55.290,600985,11.08,900,662784,680443
09:31:55.290,600985,11.08,900,662784,680444
09:31:55.290,600985,11.08,800,662784,680445
09:31:55.290,600985,11.08,900,662784,680446
09:31:55.290,600985,11.08,700,662784,680447
09:31:55.290,600985,11.08,800,662784,680448
09:31:55.360,600985,11.08,1300,662784,680577
09:31:55.360,600985,11.08,1100,662784,680578
09:31:55.450,600985,11.08,800,662784,680817
09:31:55.450,600985,11.08,600,662784,680818
09:31:55.670,600985,11.08,7500,662784,681184
09:31:55.670,600985,11.08,1000,666716,681184
09:31:55.670,600985,11.08,200,667373,681184
09:31:55.670,600985,11.08,2000,669155,681184
09:31:55.670,600985,11.08,1100,670946,681184
09:31:57.120,600985,11.08,100,670946,683461
09:31:57.120,600985,11.08,100,671919,683461
09:31:57.120,600985,11.08,100,671919,683462
09:31:57.220,600985,11.08,200,671919,683968
09:31:57.340,600985,11.08,100,671919,684221
09:31:57.340,600985,11.08,100,682974,684222
09:31:57.450,600985,11.08,800,684805,684420
09:31:57.450,600985,11.08,100,684805,684743
09:31:57.520,600985,11.08,100,684805,684889
09:31:57.590,600985,11.08,100,684805,685365
09:31:57.660,600985,11.09,2600,685810,680477
09:31:57.660,600985,11.09,2800,685810,682333
09:31:57.660,600985,11.09,2100,685810,682591
09:31:57.660,600985,11.09,400,685810,682637
09:31:57.660,600985,11.09,200,685810,684418
09:31:57.660,600985,11.09,100,685810,684530
09:31:57.740,600985,11.09,100,685810,685986
09:31:57.840,600985,11.09,600,685810,686201
09:31:57.930,600985,11.09,1100,685810,686471
09:31:57.930,600985,11.09,200,686165,686471
09:31:57.930,600985,11.08,400,684805,686471
09:31:58.140,600985,11.08,400,684805,686832
09:31:58.400,600985,11.09,100,687425,686627
09:31:59.300,600985,11.09,1100,688862,686627
09:31:59.300,600985,11.09,500,688862,687410
09:32:00.440,600985,11.08,8100,684805,691489
09:32:00.690,600985,11.08,100,691559,692772
09:32:00.830,600985,11.07,400,644170,693251
09:32:01.020,600985,11.08,300,693636,692772
09:32:01.720,600985,11.09,1000,694963,687410
09:32:03.170,600985,11.08,700,694129,697519
09:32:03.210,600985,11.08,1400,694129,697685
09:32:03.450,600985,11.08,100,694129,698633
09:32:03.450,600985,11.08,100,694129,698634
09:32:03.740,600985,11.08,200,694129,699953
09:32:03.800,600985,11.08,100,694129,700158
09:32:03.900,600985,11.08,200,694129,700567
09:32:03.970,600985,11.08,400,694129,700689
09:32:03.970,600985,11.08,600,695475,700689
09:32:03.970,600985,11.08,100,696498,700690
09:32:03.970,600985,11.08,700,700443,700690
09:32:03.970,600985,11.08,1000,700443,700814
09:32:04.000,600985,11.08,800,700443,700817
09:32:04.030,600985,11.08,800,700443,700889
09:32:04.420,600985,11.08,3200,700443,701793
09:32:04.420,600985,11.08,200,700757,701793
09:32:05.350,600985,11.08,500,703309,701793
09:32:05.350,600985,11.08,500,703309,701885
09:32:05.350,600985,11.08,1200,703330,701885
09:32:05.560,600985,11.09,500,703623,687410
09:32:06.250,600985,11.08,1000,703330,705003
09:32:06.310,600985,11.08,100,703330,705272
09:32:06.310,600985,11.08,100,703330,705273
09:32:06.440,600985,11.08,100,703330,705860
09:32:06.530,600985,11.08,300,703330,706377
09:32:06.530,600985,11.08,300,703330,706378
09:32:06.600,600985,11.08,200,703330,706613
09:32:07.500,600985,11.09,1800,708991,687411
09:32:07.500,600985,11.09,400,708991,687412
09:32:08.550,600985,11.08,300,703330,710615
09:32:08.550,600985,11.08,2000,703372,710615
09:32:08.550,600985,11.08,1000,707639,710615
09:32:08.550,600985,11.08,100,710572,710615
09:32:09.100,600985,11.08,200,710572,711455
09:32:09.100,600985,11.08,800,710572,711508
09:32:09.100,600985,11.08,200,710572,711510
09:32:09.100,600985,11.08,100,710572,711511
09:32:09.160,600985,11.08,200,710572,711713
09:32:09.160,600985,11.08,100,710864,711713
09:32:09.160,600985,11.08,700,711462,711713
09:32:09.260,600985,11.08,500,711462,712186
09:32:09.360,600985,11.08,1200,711462,712566
09:32:09.360,600985,11.08,800,712313,712566
09:32:09.420,600985,11.08,100,712313,712809
09:32:09.900,600985,11.08,100,714518,712809
09:32:09.940,600985,11.08,500,714609,712809
09:32:10.860,600985,11.08,400,716492,712810
09:32:10.860,600985,11.08,1400,716492,712979
09:32:11.240,600985,11.08,200,717182,712979
09:32:11.240,600985,11.08,600,717182,712980
09:32:11.240,600985,11.08,1100,717182,713003
09:32:11.240,600985,11.08,100,717182,713530
09:32:11.240,600985,11.08,100,717182,713531
09:32:11.240,600985,11.08,100,717182,713731
09:32:11.240,600985,11.08,1000,717182,713849
09:32:11.240,600985,11.08,100,717182,713908
09:32:11.240,600985,11.08,1300,717182,714430
09:32:11.760,600985,11.08,700,718113,714430
09:32:11.760,600985,11.08,100,718113,714899
09:32:11.760,600985,11.08,1000,718113,715285
09:32:11.760,600985,11.08,100,718113,716988
09:32:11.760,600985,11.08,1200,718113,717359
09:32:11.920,600985,11.08,1000,718113,718278
09:32:12.070,600985,11.08,300,718113,718559
09:32:12.070,600985,11.08,500,718113,718560
09:32:12.130,600985,11.08,200,718113,718636
09:32:12.130,600985,11.08,300,718113,718637
09:32:12.130,600985,11.08,4600,718113,718789
09:32:12.970,600985,11.08,1200,721769,718789
09:32:13.140,600985,11.08,300,721999,718789
09:32:13.610,600985,11.08,100,722966,718789
09:32:13.610,600985,11.08,700,722973,718789
09:32:13.610,600985,11.08,300,722973,719057
09:32:15.150,600985,11.08,200,725558,719057
09:32:15.180,600985,11.07,1200,644170,725668
09:32:15.180,600985,11.07,300,647987,725668
09:32:15.180,600985,11.07,700,647987,725669
09:32:15.180,600985,11.07,900,648712,725669
09:32:15.180,600985,11.07,1400,648712,725670
09:32:15.180,600985,11.07,1500,648712,725671
09:32:15.180,600985,11.07,1500,648712,725672
09:32:15.180,600985,11.07,1600,648712,725673
09:32:15.180,600985,11.07,3100,648712,725674
09:32:15.180,600985,11.07,1500,648803,725675
09:32:15.180,600985,11.07,100,652116,725675
09:32:15.210,600985,11.07,600,652116,725849
09:32:15.210,600985,11.07,1300,652116,725954
09:32:15.210,600985,11.07,3900,653025,725954
09:32:15.210,600985,11.07,2600,653025,725955
09:32:15.240,600985,11.07,3700,653025,725977
09:32:15.340,600985,11.07,1500,653025,726331
09:32:15.340,600985,11.07,1600,653025,726337
09:32:15.440,600985,11.07,200,653025,726749
09:32:15.440,600985,11.07,1800,653025,726880
09:32:15.690,600985,11.07,1100,653025,727644
09:32:15.790,600985,11.08,200,727875,719057
09:32:15.910,600985,11.07,1900,653025,728160
09:32:16.270,600985,11.07,4400,653025,728878
09:32:16.420,600985,11.07,3000,653025,729255
09:32:16.600,600985,11.08,600,729495,719057
09:32:16.600,600985,11.08,300,729495,719072
09:32:16.910,600985,11.07,200,653025,730083
09:32:16.940,600985,11.08,2300,730142,719072
09:32:16.940,600985,11.08,500,730142,719350
09:32:16.940,600985,11.08,100,730142,719380
09:32:16.940,600985,11.08,100,730142,719449
09:32:17.210,600985,11.07,1000,653025,730506
09:32:17.210,600985,11.07,1200,653025,730509
09:32:17.210,600985,11.07,800,653025,730535
09:32:17.240,600985,11.07,1300,653025,730623
09:32:17.240,600985,11.07,1200,653025,730659
09:32:17.270,600985,11.07,1000,653025,730673
09:32:17.370,600985,11.07,1000,653025,730981
09:32:17.400,600985,11.08,300,731035,719684
09:32:17.560,600985,11.07,200,653025,731343
09:32:18.100,600985,11.07,500,653025,732301
09:32:18.100,600985,11.07,900,653828,732301
09:32:18.100,600985,11.07,1200,653828,732302
09:32:18.100,600985,11.07,900,653828,732303
09:32:18.100,600985,11.07,1200,653895,732304
09:32:18.100,600985,11.07,1300,653895,732305
09:32:18.130,600985,11.07,100,653895,732418
09:32:18.130,600985,11.07,1000,656527,732418
09:32:18.130,600985,11.07,1300,659914,732418
09:32:18.160,600985,11.08,1200,732543,719684
09:32:18.160,600985,11.07,1200,659914,732552
09:32:18.160,600985,11.07,1500,659914,732553
09:32:18.280,600985,11.07,1500,659914,733088
09:32:18.280,600985,11.07,3700,659914,733097
09:32:18.280,600985,11.07,800,659914,733189
09:32:18.280,600985,11.07,1200,660462,733189
09:32:18.280,600985,11.07,800,660462,733243
09:32:18.320,600985,11.07,100,660462,733308
09:32:18.320,600985,11.07,400,660462,733316
09:32:18.320,600985,11.07,100,660954,733316
09:32:18.320,600985,11.07,500,661311,733316
09:32:18.320,600985,11.07,500,661633,733316
09:32:18.320,600985,11.07,1100,661633,733346
09:32:18.360,600985,11.07,1000,661633,733521
09:32:18.460,600985,11.07,900,661633,733629
09:32:18.460,600985,11.07,1500,661633,733630
09:32:18.460,600985,11.07,200,667496,733630
09:32:18.460,600985,11.07,1000,667496,733631
09:32:18.460,600985,11.07,400,672927,733631
09:32:18.460,600985,11.07,600,672927,733632
09:32:18.460,600985,11.07,300,673140,733632
09:32:18.460,600985,11.07,900,681225,733632
09:32:18.460,600985,11.07,1800,681225,733633
09:32:18.460,600985,11.07,300,681225,733634
09:32:18.460,600985,11.07,500,687818,733634
09:32:18.460,600985,11.07,700,688177,733634
09:32:18.460,600985,11.07,1400,688253,733635
09:32:18.460,600985,11.07,500,688253,733690
09:32:18.460,600985,11.07,100,688253,733691
09:32:18.460,600985,11.07,500,689189,733691
09:32:18.460,600985,11.07,1100,694083,733691
09:32:18.460,600985,11.07,1900,694083,733768
09:32:18.460,600985,11.07,2100,701864,733769
09:32:18.460,600985,11.07,1100,701864,733770
09:32:18.460,600985,11.07,100,701864,733907
09:32:18.460,600985,11.07,1700,701864,733927
09:32:18.460,600985,11.07,100,717412,733927
09:32:18.460,600985,11.07,700,721618,733927
09:32:18.770,600985,11.07,300,721618,734896
09:32:18.770,600985,11.07,100,723161,734896
09:32:18.770,600985,11.07,900,723333,734896
09:32:18.770,600985,11.07,100,724668,734896
09:32:18.770,600985,11.07,2000,727912,734896
09:32:18.770,600985,11.07,100,734136,734896
09:32:19.090,600985,11.07,500,735643,734896
09:32:20.570,600985,11.07,1000,738358,736702
09:32:21.230,600985,11.06,800,181355,739905
09:32:21.230,600985,11.06,100,206760,739905
09:32:21.230,600985,11.06,500,250833,739905
09:32:21.230,600985,11.06,400,283858,739905
09:32:21.230,600985,11.06,100,288156,739905
09:32:21.230,600985,11.06,1900,288156,739906
09:32:21.380,600985,11.06,500,306096,740634
09:32:21.380,600985,11.06,1700,327994,740634
09:32:21.740,600985,11.06,800,327994,741654
09:32:21.860,600985,11.06,500,327994,741965
09:32:21.860,600985,11.06,500,352415,741965
09:32:21.860,600985,11.06,200,465212,741965
09:32:22.640,600985,11.06,500,465212,743458
09:32:23.050,600985,11.06,1700,465212,744074
09:32:23.050,600985,11.06,6000,480441,744074
09:32:23.050,600985,11.06,300,499522,744074
09:32:23.290,600985,11.07,100,744417,739680
09:32:24.170,600985,11.06,1100,499522,745962
09:32:24.240,600985,11.06,100,499522,746216
09:32:24.240,600985,11.06,900,514294,746216
09:32:24.240,600985,11.06,100,514294,746217
09:32:24.240,600985,11.06,100,536346,746217
09:32:24.240,600985,11.06,1900,536346,746285
09:32:24.310,600985,11.06,1900,536346,746779
09:32:24.340,600985,11.06,2100,536346,746907
09:32:24.340,600985,11.06,900,548581,746907
09:32:24.410,600985,11.06,1000,548581,747134
09:32:24.410,600985,11.06,100,548581,747199
09:32:24.410,600985,11.06,100,550936,747199
09:32:24.440,600985,11.06,400,550936,747286
09:32:24.440,600985,11.06,1100,580389,747286
09:32:24.440,600985,11.06,500,580389,747320
09:32:25.020,600985,11.06,400,580389,748833
09:32:25.020,600985,11.06,700,585981,748833
09:32:25.070,600985,11.07,200,748901,739776
09:32:25.400,600985,11.06,300,585981,749535
09:32:25.400,600985,11.06,100,594566,749535
09:32:25.400,600985,11.06,600,609707,749535
09:32:26.300,600985,11.07,300,750959,741297
09:32:26.590,600985,11.07,100,751487,741297
09:32:26.590,600985,11.07,200,751489,741297
09:32:27.070,600985,11.06,300,609707,752111
09:32:27.070,600985,11.06,100,611886,752111
09:32:27.100,600985,11.06,200,611886,752168
09:32:27.100,600985,11.06,800,611886,752169
09:32:27.230,600985,11.06,1900,611886,752667
09:32:27.230,600985,11.06,700,611886,752731
09:32:27.230,600985,11.06,500,612745,752731
09:32:27.230,600985,11.06,500,612745,752773
09:32:27.230,600985,11.06,500,626683,752773
09:32:27.420,600985,11.06,4500,626683,753481
09:32:27.420,600985,11.06,200,630937,753481
09:32:27.420,600985,11.06,900,632741,753481
09:32:27.420,600985,11.06,1500,632824,753481
09:32:27.420,600985,11.06,2200,639912,753481
09:32:27.420,600985,11.06,1700,646698,753481
09:32:27.420,600985,11.06,2000,647161,753481
09:32:27.420,600985,11.06,1000,647621,753481
09:32:27.420,600985,11.06,1000,651993,753481
09:32:27.420,600985,11.06,400,655534,753481
09:32:27.420,600985,11.06,400,659332,753481
09:32:27.460,600985,11.06,600,659332,753796
09:32:27.460,600985,11.06,100,660023,753796
09:32:27.560,600985,11.06,100,660023,754082
09:32:27.560,600985,11.06,500,661733,754082
09:32:27.560,600985,11.06,700,665161,754082
09:32:27.710,600985,11.06,100,665161,754660
09:32:28.180,600985,11.07,100,755536,741297
09:32:28.330,600985,11.07,200,755829,741297
09:32:28.330,600985,11.07,2100,755880,741297
09:32:28.330,600985,11.07,500,755880,741386
09:32:28.330,600985,11.07,4500,755880,741489
09:32:28.330,600985,11.07,3800,755880,741966
09:32:28.330,600985,11.07,3000,755880,743748
09:32:28.330,600985,11.07,200,755880,746100
09:32:28.330,600985,11.07,500,755880,746423
09:32:28.330,600985,11.07,2300,755880,751836
09:32:28.450,600985,11.06,1400,665161,756039
09:32:28.450,600985,11.06,4100,665785,756039
09:32:28.600,600985,11.06,1500,665785,756322
09:32:28.660,600985,11.06,1000,665785,756400
09:32:29.000,600985,11.06,200,665785,756869
09:32:29.130,600985,11.06,500,665785,757085
09:32:29.130,600985,11.06,500,674644,757085
09:32:29.350,600985,11.06,100,674644,757493
09:32:29.740,600985,11.07,100,758096,751836
09:32:29.800,600985,11.07,200,758163,751836
09:32:30.150,600985,11.06,400,674644,758700
09:32:30.150,600985,11.06,400,674644,758701
09:32:30.280,600985,11.06,200,674644,759314
09:32:30.280,600985,11.06,400,674644,759315
09:32:30.310,600985,11.06,2000,674644,759482
09:32:30.310,600985,11.06,1000,675532,759482
09:32:30.310,600985,11.06,600,675532,759548
09:32:30.310,600985,11.06,2400,682346,759548
09:32:31.430,600985,11.06,2600,682346,762339
09:32:31.430,600985,11.06,3100,714202,762339
09:32:31.430,600985,11.06,1000,722776,762339
09:32:31.430,600985,11.06,1000,723125,762339
09:32:31.430,600985,11.06,1500,724581,762339
09:32:31.430,600985,11.06,10000,729042,762339
09:32:31.430,600985,11.06,2000,729693,762339
09:32:31.430,600985,11.06,200,737107,762339
09:32:31.430,600985,11.06,500,745123,762339
09:32:31.430,600985,11.06,1500,745144,762339
09:32:31.430,600985,11.06,3000,751962,762339
09:32:31.430,600985,11.06,200,753457,762339
09:32:31.430,600985,11.06,8800,754272,762339
09:32:31.430,600985,11.06,1000,757135,762339
09:32:31.430,600985,11.06,1600,758183,762339
09:32:31.430,600985,11.06,600,759554,762339
09:32:31.480,600985,11.06,700,762427,762339
09:32:32.060,600985,11.06,200,763346,762339
09:32:32.290,600985,11.06,5000,763683,762339
09:32:33.290,600985,11.06,100,765892,762339
09:32:33.680,600985,11.06,800,767173,762339
09:32:33.680,600985,11.06,700,767173,765010
09:32:33.680,600985,11.06,200,767173,765020
09:32:33.700,600985,11.06,300,767229,765020
09:32:33.700,600985,11.06,200,767229,766949
09:32:33.740,600985,11.06,500,767325,766949
09:32:33.770,600985,11.06,700,767406,766949
09:32:35.040,600985,11.07,100,769685,752140
09:32:35.580,600985,11.06,2300,767406,770734
09:32:35.580,600985,11.06,1000,768931,770734
09:32:35.580,600985,11.06,300,769223,770734
09:32:35.710,600985,11.07,100,770894,752293
09:32:35.710,600985,11.07,100,770894,752375
09:32:35.710,600985,11.07,100,770894,753008
09:32:35.710,600985,11.07,100,770894,753011
09:32:35.710,600985,11.07,100,770894,753463
09:32:35.710,600985,11.07,2000,770894,754973
09:32:35.710,600985,11.07,1800,770894,759625
09:32:35.710,600985,11.07,1500,770894,761414
09:32:35.710,600985,11.07,1000,770894,761981
09:32:35.710,600985,11.07,1000,770894,762005
09:32:35.830,600985,11.07,9300,770894,771111
09:32:36.230,600985,11.07,32900,770894,772359
09:32:36.230,600985,11.07,1000,771068,772359
09:32:36.230,600985,11.06,2200,770610,772359
09:32:36.230,600985,11.06,6000,770968,772359
09:32:36.230,600985,11.06,3400,771680,772359
09:32:36.230,600985,11.05,100,2630,772359
09:32:37.100,600985,11.06,800,774898,774739
09:32:37.100,600985,11.07,1600,774898,773112
09:32:37.160,600985,11.07,2600,775000,773112
09:32:37.160,600985,11.07,1500,775000,773311
09:32:37.320,600985,11.07,200,775000,775286
09:32:37.350,600985,11.07,1900,775000,775354
09:32:38.050,600985,11.07,300,775000,776561
09:32:38.050,600985,11.06,100,774967,776561
09:32:40.220,600985,11.07,500,781766,780850
09:32:40.290,600985,11.06,1000,774967,781898
09:32:40.290,600985,11.06,800,775001,781898
09:32:40.290,600985,11.06,100,775340,781898
09:32:40.290,600985,11.06,400,776839,781898
09:32:40.290,600985,11.06,3500,776990,781898
09:32:40.290,600985,11.06,800,777568,781898
09:32:40.290,600985,11.06,500,777918,781898
09:32:40.290,600985,11.06,5000,778799,781898
09:32:40.840,600985,11.06,100,782912,781898
09:32:41.070,600985,11.06,1000,783254,781898
09:32:41.240,600985,11.06,2000,783655,781898
09:32:41.830,600985,11.06,10000,784702,781898
09:32:42.050,600985,11.06,2400,784991,781898
09:32:42.050,600985,11.06,2900,784992,781898
09:32:42.130,600985,11.06,400,785351,781898
09:32:42.130,600985,11.06,400,785352,781898
09:32:42.170,600985,11.06,900,785440,781898
09:32:42.170,600985,11.06,1100,785441,781898
09:32:42.170,600985,11.06,1600,785537,781898
09:32:42.170,600985,11.06,400,785538,781898
09:32:42.170,600985,11.06,500,785539,781898
09:32:42.170,600985,11.06,500,785540,781898
09:32:42.170,600985,11.06,200,785541,781898
09:32:42.170,600985,11.06,500,785542,781898
09:32:42.170,600985,11.06,500,785543,781898
09:32:42.170,600985,11.06,2400,785544,781898
09:32:42.170,600985,11.06,300,785545,781898
09:32:42.200,600985,11.06,200,785616,781898
09:32:42.200,600985,11.06,600,785617,781898
09:32:42.200,600985,11.06,2000,785628,781898
09:32:42.200,600985,11.06,200,785628,782536
09:32:42.200,600985,11.06,400,785643,782536
09:32:42.200,600985,11.06,100,785644,782536
09:32:42.200,600985,11.06,300,785661,782536
09:32:42.200,600985,11.06,800,785670,782536
09:32:42.200,600985,11.06,1000,785673,782536
09:32:42.200,600985,11.06,400,785674,782536
09:32:42.240,600985,11.06,900,785697,782536
09:32:42.240,600985,11.06,2100,785726,782536
09:32:42.240,600985,11.06,1000,785921,782536
09:32:42.240,600985,11.06,600,785922,782536
09:32:42.240,600985,11.06,400,785923,782536
09:32:42.240,600985,11.06,1100,786035,782536
09:32:42.240,600985,11.06,900,786038,782536
09:32:42.240,600985,11.06,900,786046,782536
09:32:42.240,600985,11.06,300,786047,782536
09:32:42.240,600985,11.06,200,786047,784835
09:32:42.270,600985,11.06,100,786080,785112
09:32:42.270,600985,11.06,100,786080,785260
09:32:43.350,600985,11.06,100,786080,788850
09:32:43.350,600985,11.06,400,786081,788850
09:32:43.700,600985,11.06,100,786081,789563
09:32:43.700,600985,11.06,200,786119,789563
09:32:43.700,600985,11.06,600,786120,789563
09:32:44.040,600985,11.06,200,786121,790203
09:32:44.040,600985,11.06,2000,786122,790203
09:32:44.040,600985,11.06,200,786123,790203
09:32:44.040,600985,11.06,300,786148,790203
09:32:44.040,600985,11.06,100,786149,790203
09:32:44.040,600985,11.06,1800,786266,790203
09:32:44.320,600985,11.06,200,786266,790632
09:32:44.320,600985,11.06,700,786367,790632
09:32:44.920,600985,11.07,100,791049,791663
09:32:45.100,600985,11.08,900,792144,719684
09:32:45.100,600985,11.08,600,792145,719684
09:32:45.100,600985,11.08,200,792192,727291
09:32:45.100,600985,11.08,500,792196,727291
09:32:45.100,600985,11.08,400,792210,727291
09:32:45.100,600985,11.08,200,792211,727291
09:32:45.140,600985,11.08,200,792336,727291
09:32:45.140,600985,11.08,100,792340,727291
09:32:45.140,600985,11.08,100,792341,727291
09:32:45.140,600985,11.08,100,792342,727291
09:32:45.140,600985,11.08,200,792343,727291
09:32:45.140,600985,11.08,100,792343,728447
09:32:45.140,600985,11.08,400,792345,728447
09:32:45.140,600985,11.08,100,792345,729648
09:32:45.140,600985,11.08,100,792373,729648
09:32:45.140,600985,11.08,400,792374,729648
09:32:45.140,600985,11.08,200,792375,729648
09:32:45.140,600985,11.08,100,792376,729648
09:32:45.140,600985,11.08,100,792377,729648
09:32:45.140,600985,11.08,100,792378,729648
09:32:45.140,600985,11.08,400,792379,729648
09:32:45.140,600985,11.08,300,792381,729648
09:32:45.140,600985,11.08,100,792382,729648
09:32:45.140,600985,11.08,400,792383,729648
09:32:45.140,600985,11.08,300,792384,729648
09:32:45.140,600985,11.08,100,792384,764449
09:32:45.140,600985,11.08,100,792385,764449
09:32:45.140,600985,11.08,200,792386,764449
09:32:45.140,600985,11.08,100,792387,764449
09:32:45.140,600985,11.08,100,792388,764449
09:32:45.140,600985,11.08,200,792389,764449
09:32:45.140,600985,11.08,100,792390,764449
09:32:45.170,600985,11.07,500,791049,792485
09:32:45.170,600985,11.08,300,792541,781221
09:32:45.170,600985,11.08,200,792542,781221
09:32:45.170,600985,11.08,400,792573,781221
09:32:45.430,600985,11.08,100,792573,793662
09:32:45.760,600985,11.08,100,792573,794494
09:32:46.420,600985,11.08,100,792604,795985
09:32:46.800,600985,11.08,300,792604,796679
09:32:46.800,600985,11.08,600,792605,796679
09:32:46.800,600985,11.08,500,792606,796679
09:32:46.800,600985,11.08,500,792607,796679
09:32:46.800,600985,11.08,100,792608,796679
09:32:46.800,600985,11.08,700,792653,796679
09:32:47.550,600985,11.08,200,792654,797919
09:32:48.080,600985,11.09,900,798742,688680
09:32:48.080,600985,11.09,500,798754,688680
09:32:48.080,600985,11.09,400,798805,688680
09:32:48.150,600985,11.09,300,799077,688680
09:32:48.150,600985,11.09,200,799082,688680
09:32:48.150,600985,11.09,100,799105,688680
09:32:48.150,600985,11.09,100,799108,695043
09:32:48.150,600985,11.09,100,799108,696809
09:32:48.150,600985,11.09,100,799120,696809
09:32:48.150,600985,11.09,500,799135,696809
09:32:48.150,600985,11.09,100,799135,713734
09:32:48.150,600985,11.09,100,799135,722444
09:32:48.150,600985,11.09,500,799136,722444
09:32:48.150,600985,11.09,200,799138,722444
09:32:48.150,600985,11.09,100,799140,722444
09:32:48.150,600985,11.09,100,799141,722444
09:32:48.150,600985,11.09,1400,799142,722444
09:32:48.180,600985,11.09,700,799355,722444
09:32:48.250,600985,11.09,100,799564,722444
09:32:48.280,600985,11.09,100,799705,722444
09:32:48.280,600985,11.09,100,799706,722444
09:32:49.650,600985,11.08,300,792699,802792
09:32:49.650,600985,11.08,300,792824,802792
09:32:49.650,600985,11.08,100,792825,802792
09:32:49.650,600985,11.08,100,792956,802792
09:32:49.650,600985,11.08,200,793370,802792
09:32:49.650,600985,11.08,200,793371,802792
09:32:50.920,600985,11.09,300,804824,722444
09:32:50.920,600985,11.09,200,804824,742054
09:32:50.920,600985,11.09,1000,804824,788597
09:32:51.070,600985,11.09,400,805026,802952
09:32:51.070,600985,11.08,200,793371,805042
09:32:51.070,600985,11.08,300,793372,805042
09:32:51.070,600985,11.08,100,793527,805042
09:32:51.070,600985,11.08,200,793528,805042
09:32:51.110,600985,11.09,200,805195,802952
09:32:51.160,600985,11.09,100,805300,802952
09:32:51.190,600985,11.09,100,805681,802952
09:32:51.190,600985,11.09,100,805760,802952
09:32:51.230,600985,11.09,200,805795,802952
09:32:51.230,600985,11.09,100,805814,802952
09:32:51.230,600985,11.09,100,805815,802952
09:32:51.230,600985,11.09,100,805897,802952
09:32:51.310,600985,11.09,400,806007,802952
09:32:51.310,600985,11.09,200,806112,802952
09:32:51.560,600985,11.09,400,806883,802952
09:32:52.950,600985,11.08,200,793528,809479
09:32:52.950,600985,11.08,100,793529,809479
09:32:53.240,600985,11.09,700,809999,806882
09:32:53.950,600985,11.09,1500,809999,811128
09:32:55.200,600985,11.09,100,814648,811128
09:32:55.320,600985,11.08,500,793529,814844
09:32:57.340,600985,11.09,2000,819226,811128
09:32:58.830,600985,11.09,200,822607,811128
09:32:59.620,600985,11.08,100,793529,823959
09:33:00.120,600985,11.08,100,793530,825136
09:33:00.120,600985,11.08,100,793531,825136
09:33:00.120,600985,11.08,100,793536,825136
09:33:00.550,600985,11.09,1000,827010,811128
09:33:01.220,600985,11.08,100,793537,828946
09:33:01.220,600985,11.08,100,793538,828946
09:33:01.220,600985,11.08,100,793539,828946
09:33:01.220,600985,11.08,300,793675,828946
09:33:01.220,600985,11.08,800,804741,828946
09:33:01.220,600985,11.08,1500,807735,828946
09:33:01.220,600985,11.08,2000,812561,828946
09:33:01.220,600985,11.08,500,821919,828946
09:33:01.220,600985,11.08,300,822394,828946
09:33:01.220,600985,11.08,1000,824053,828946
09:33:01.220,600985,11.07,900,791049,828946
09:33:01.630,600985,11.09,700,830000,811429
09:33:02.150,600985,11.08,1000,830737,831017
09:33:02.970,600985,11.09,100,832393,811430
09:33:02.970,600985,11.09,100,832393,817907
09:33:02.970,600985,11.09,100,832393,818214
09:33:02.970,600985,11.09,200,832393,821052
09:33:03.090,600985,11.08,1700,830737,832710
09:33:03.090,600985,11.08,800,830737,832723
09:33:03.090,600985,11.08,300,830749,832723
09:33:03.190,600985,11.08,500,830749,833388
09:33:04.170,600985,11.08,900,836001,833388
09:33:04.170,600985,11.08,100,836001,834539
09:33:05.110,600985,11.08,400,837822,834539
09:33:05.110,600985,11.08,100,837822,835333
09:33:05.110,600985,11.08,200,837822,835645
09:33:05.110,600985,11.08,100,837822,835776
09:33:05.110,600985,11.08,100,837822,835784
09:33:05.110,600985,11.08,200,837822,835911
09:33:05.110,600985,11.08,100,837822,836053
09:33:05.110,600985,11.08,200,837822,836113
09:33:05.110,600985,11.08,100,837822,836138
09:33:05.110,600985,11.08,300,837822,836262
09:33:05.110,600985,11.08,200,837822,836352
09:33:05.110,600985,11.08,100,837822,836355
09:33:05.110,600985,11.08,100,837822,836362
09:33:05.110,600985,11.08,100,837822,836413
09:33:05.110,600985,11.08,200,837822,836414
09:33:05.110,600985,11.08,200,837822,836528
09:33:05.110,600985,11.08,500,837822,836606
09:33:05.110,600985,11.08,300,837822,836657
09:33:05.110,600985,11.08,400,837822,836748
09:33:05.110,600985,11.08,100,837822,836947
09:33:05.110,600985,11.08,100,837822,837102
09:33:05.110,600985,11.09,100,837822,821052
09:33:05.780,600985,11.08,100,838885,838033
09:33:05.810,600985,11.08,300,838885,838969
09:33:06.130,600985,11.08,200,838885,839674
09:33:06.130,600985,11.08,100,838885,839701
09:33:06.350,600985,11.08,300,838885,840765
09:33:06.460,600985,11.08,700,838885,841064
09:33:06.580,600985,11.08,600,838885,841261
09:33:06.610,600985,11.08,2200,838885,841385
09:33:06.740,600985,11.08,300,838885,841689
09:33:07.380,600985,11.08,300,838885,843060
09:33:07.420,600985,11.08,500,838885,843131
09:33:07.830,600985,11.09,500,843959,821052
09:33:07.860,600985,11.08,2900,838885,843989
09:33:08.200,600985,11.08,300,838885,844495
09:33:08.380,600985,11.08,200,838885,844942
09:33:08.380,600985,11.08,300,841560,844942
09:33:08.760,600985,11.08,100,845606,844942
09:33:08.760,600985,11.08,100,845606,845092
09:33:09.180,600985,11.08,400,845606,846578
09:33:09.180,600985,11.08,100,845606,846579
09:33:09.180,600985,11.08,300,845606,846736
09:33:09.240,600985,11.08,700,845606,847080
09:33:09.240,600985,11.08,300,845606,847156
09:33:10.070,600985,11.07,800,791049,849311
09:33:10.300,600985,11.07,3500,791049,849846
09:33:10.500,600985,11.07,200,791049,850318
09:33:11.830,600985,11.08,800,852786,847156
09:33:11.830,600985,11.08,1500,852786,847737
09:33:11.830,600985,11.08,100,852786,848209
09:33:11.830,600985,11.08,200,852786,848340
09:33:11.830,600985,11.08,200,852786,848478
09:33:11.830,600985,11.08,200,852786,848654
09:33:12.050,600985,11.08,100,853151,848654
09:33:12.050,600985,11.08,300,853151,848663
09:33:12.050,600985,11.08,100,853151,848884
09:33:12.110,600985,11.07,3300,791049,853366
09:33:12.240,600985,11.08,200,854001,848981
09:33:12.730,600985,11.08,200,855360,848981
09:33:12.730,600985,11.08,100,855360,849068
09:33:12.730,600985,11.08,100,855360,849152
09:33:12.730,600985,11.08,100,855360,849180
09:33:12.730,600985,11.08,300,855360,849201
09:33:12.730,600985,11.08,200,855360,849635
09:33:13.240,600985,11.08,500,856460,849734
09:33:13.240,600985,11.08,100,856460,849737
09:33:13.240,600985,11.08,200,856460,849764
09:33:13.240,600985,11.08,200,856460,849768
09:33:13.240,600985,11.08,400,856460,849827
09:33:13.240,600985,11.08,600,856460,850176
09:33:13.240,600985,11.08,100,856460,850214
09:33:13.240,600985,11.08,900,856460,850238
09:33:13.420,600985,11.08,900,856729,850238
09:33:13.420,600985,11.08,100,856729,850425
09:33:13.490,600985,11.08,100,856949,850425
09:33:13.490,600985,11.08,200,856949,850542
09:33:14.310,600985,11.08,100,858396,853420
09:33:14.310,600985,11.08,600,858396,853928
09:33:14.310,600985,11.08,300,858396,853932
09:33:14.310,600985,11.08,400,858410,854239
09:33:15.150,600985,11.07,700,791049,860058
09:33:15.150,600985,11.07,1000,803023,860058
09:33:15.190,600985,11.08,100,860197,854239
09:33:15.190,600985,11.08,400,860197,859018
09:33:15.190,600985,11.08,200,860197,859810
09:33:15.190,600985,11.07,500,804854,860217
09:33:15.190,600985,11.07,2400,823615,860217
09:33:15.190,600985,11.07,200,836768,860217
09:33:15.190,600985,11.07,1200,836886,860217
09:33:15.480,600985,11.08,400,860966,859810
09:33:15.480,600985,11.08,100,860966,859819
09:33:15.480,600985,11.08,100,860966,860387
09:33:16.770,600985,11.08,300,863669,860387
09:33:18.160,600985,11.07,3400,836886,866546
09:33:18.220,600985,11.07,1700,836886,866785
09:33:19.400,600985,11.07,1400,836886,869369
09:33:19.400,600985,11.07,600,841824,869369
09:33:19.400,600985,11.07,400,845262,869369
09:33:19.400,600985,11.07,100,845668,869369
09:33:19.400,600985,11.07,1500,849927,869369
09:33:19.750,600985,11.07,600,849927,870085
09:33:19.980,600985,11.07,500,849927,870510
09:33:21.060,600985,11.07,3300,849927,872477
09:33:21.060,600985,11.07,4500,850098,872477
09:33:21.090,600985,11.07,3200,850098,872570
09:33:21.160,600985,11.07,1700,850098,872922
09:33:21.990,600985,11.07,300,850098,875350
09:33:23.690,600985,11.08,100,878936,860387
09:33:23.690,600985,11.08,600,878936,860459
09:33:23.690,600985,11.08,100,878936,860496
09:33:23.690,600985,11.08,400,878936,861304
09:33:23.690,600985,11.08,500,878936,861941
09:33:23.690,600985,11.08,1100,878936,861942
09:33:23.920,600985,11.08,700,879230,861942
09:33:24.140,600985,11.07,800,850098,879808
09:33:24.230,600985,11.07,2300,850098,880210
09:33:24.320,600985,11.07,800,850098,880505
09:33:24.470,600985,11.08,800,880917,861942
09:33:24.810,600985,11.07,200,850098,881606
09:33:24.810,600985,11.07,400,850098,881608
09:33:24.960,600985,11.07,100,850098,881939
09:33:25.020,600985,11.07,100,850098,882097
09:33:25.060,600985,11.07,500,850098,882127
09:33:25.060,600985,11.07,100,850098,882129
09:33:25.090,600985,11.07,100,850098,882234
09:33:25.090,600985,11.07,200,850098,882290
09:33:25.120,600985,11.07,200,850098,882304
09:33:25.120,600985,11.07,100,850098,882317
09:33:25.150,600985,11.07,300,850098,882440
09:33:25.150,600985,11.07,200,850098,882456
09:33:25.150,600985,11.07,500,850098,882463
09:33:25.220,600985,11.07,100,850098,882551
09:33:25.220,600985,11.07,100,850098,882605
09:33:25.220,600985,11.07,100,850098,882640
09:33:25.260,600985,11.07,200,850098,882731
09:33:25.320,600985,11.07,200,850098,882905
09:33:25.320,600985,11.07,300,850098,882909
09:33:25.350,600985,11.07,300,850098,882996
09:33:25.510,600985,11.07,100,850098,883293
09:33:25.510,600985,11.07,400,850098,883346
09:33:25.580,600985,11.07,200,850098,883434
09:33:25.580,600985,11.07,200,850098,883488
09:33:25.820,600985,11.07,700,850098,883936
09:33:25.940,600985,11.07,200,850098,884150
09:33:26.330,600985,11.07,100,850098,884764
09:33:26.820,600985,11.07,30000,850098,885584
09:33:27.080,600985,11.07,200,850098,886098
09:33:27.080,600985,11.07,1000,852302,886098
09:33:27.080,600985,11.07,1400,856360,886098
09:33:27.080,600985,11.07,600,856360,886134
09:33:27.080,600985,11.07,500,856913,886134
09:33:27.080,600985,11.07,500,860869,886134
09:33:27.080,600985,11.07,1000,862330,886134
09:33:27.080,600985,11.07,2000,863605,886134
09:33:27.080,600985,11.07,1000,864852,886134
09:33:27.080,600985,11.07,1500,865673,886134
09:33:27.080,600985,11.07,500,869705,886173
09:33:27.080,600985,11.07,200,870952,886173
09:33:27.080,600985,11.07,3900,875190,886173
09:33:27.080,600985,11.07,300,877667,886173
09:33:27.080,600985,11.07,3000,878509,886173
09:33:27.080,600985,11.07,900,879904,886173
09:33:27.080,600985,11.07,200,880319,886173
09:33:27.110,600985,11.07,100,880319,886189
09:33:27.230,600985,11.07,600,880319,886658
09:33:27.390,600985,11.07,200,880319,887191
09:33:27.390,600985,11.07,400,880319,887220
09:33:27.390,600985,11.07,100,880319,887288
09:33:27.390,600985,11.07,400,880319,887289
09:33:27.390,600985,11.07,100,881694,887289
09:33:27.420,600985,11.07,500,881694,887333
09:33:27.450,600985,11.07,300,881694,887390
09:33:27.480,600985,11.07,100,881694,887456
09:33:27.810,600985,11.07,1000,888333,887456
09:33:27.930,600985,11.07,400,888514,887533
09:33:27.930,600985,11.07,1600,888514,887818
09:33:28.030,600985,11.07,500,888799,887818
09:33:28.030,600985,11.07,400,888799,888004
09:33:28.030,600985,11.07,100,888799,888048
09:33:28.320,600985,11.07,500,889386,888048
09:33:28.320,600985,11.07,200,889386,888165
09:33:28.320,600985,11.07,900,889386,888210
09:33:28.320,600985,11.07,400,889386,888227
09:33:28.320,600985,11.07,3000,889386,888269
09:33:28.420,600985,11.07,1900,889636,888269
09:33:28.420,600985,11.07,100,889636,888627
09:33:31.430,600985,11.06,200,787086,896272
09:33:32.290,600985,11.07,400,897934,888638
09:33:32.290,600985,11.07,100,897934,888734
09:33:32.870,600985,11.07,100,898926,888734
09:33:32.870,600985,11.07,100,898926,888819
09:33:32.870,600985,11.07,500,898926,888823
09:33:32.870,600985,11.07,600,898926,888824
09:33:32.870,600985,11.07,300,898926,888861
09:33:32.870,600985,11.07,100,898926,888870
09:33:32.870,600985,11.07,300,898926,888871
09:33:33.050,600985,11.07,300,899253,888925
09:33:33.050,600985,11.07,200,899253,888959
09:33:33.050,600985,11.07,200,899253,889001
09:33:33.050,600985,11.07,100,899253,889028
09:33:33.370,600985,11.06,300,787086,900236
09:33:34.240,600985,11.07,200,902344,889051
09:33:34.240,600985,11.07,200,902344,889061
09:33:34.240,600985,11.07,300,902344,889128
09:33:34.240,600985,11.07,300,902344,889174
09:33:34.920,600985,11.07,400,903622,889174
09:33:34.920,600985,11.07,200,903622,889271
09:33:34.920,600985,11.07,100,903622,889277
09:33:34.920,600985,11.07,100,903622,889291
09:33:35.980,600985,11.07,200,905322,889291
09:33:36.430,600985,11.07,200,906522,889291
09:33:36.430,600985,11.07,300,906522,889607
09:33:36.490,600985,11.07,700,906709,889607
09:33:36.740,600985,11.07,400,907172,889652
09:33:36.740,600985,11.06,2500,787086,907213
09:33:36.740,600985,11.06,2700,791087,907213
09:33:38.380,600985,11.06,300,791087,910223
09:33:39.280,600985,11.07,600,912130,889652
09:33:39.280,600985,11.07,100,912130,890930
09:33:39.280,600985,11.07,100,912130,891123
09:33:39.280,600985,11.07,200,912130,891210
09:33:39.280,600985,11.07,300,912130,891446
09:33:39.280,600985,11.07,200,912130,891740
09:33:39.280,600985,11.07,500,912130,892018
09:33:41.880,600985,11.07,2000,917206,892018
09:33:42.120,600985,11.06,100,791087,917807
09:33:42.120,600985,11.06,200,793503,917807
09:33:42.310,600985,11.07,1500,918427,892018
09:33:42.310,600985,11.07,200,918427,892187
09:33:42.310,600985,11.07,300,918427,892413
09:33:42.310,600985,11.07,100,918427,892687
09:33:42.310,600985,11.07,100,918427,893334
09:33:42.310,600985,11.07,400,918427,893569
09:33:42.310,600985,11.07,200,918427,893579
09:33:42.310,600985,11.07,200,918427,893809
09:33:42.310,600985,11.06,800,793503,918465
09:33:42.310,600985,11.06,700,793570,918465
09:33:42.490,600985,11.07,100,918919,893859
09:33:42.490,600985,11.07,14600,918919,894000
09:33:42.490,600985,11.07,700,918919,894136
